% This file was created with JabRef 2.9.2.
% Encoding: Cp1252

@INPROCEEDINGS{Ashida03Feature,
  author = {Ashida, Koji and Badler, Norman I},
  title = {Feature preserving manifold mesh from an octree},
  booktitle = {Proceedings of the eighth ACM symposium on Solid modeling and applications},
  year = {2003},
  pages = {292--297},
  organization = {ACM}
}

@OTHER{LargeGeometricModelsArchive,
  author = {Greg Turk and Brendan Mullins},
  title = {Large Geometric Models Archive, Georgia Institute of Technology},
  url = {http://www.cc.gatech.edu/projects/large_models},
  year = {2013}
}

@inproceedings{Cignoni98Metro,
  title={Metro: measuring error on simplified surfaces},
  author={Cignoni, Paolo and Rocchini, Claudio and Scopigno, Roberto},
  booktitle={Computer Graphics Forum},
  volume={17},
  number={2},
  pages={167--174},
  year={1998},
  organization={Wiley Online Library}
}

@article{Bian09Evaluation,
  title={Evaluation for small visual difference between conforming meshes on strain field},
  author={Bian, Zhe and Hu, Shi-Min and Martin, Ralph R},
  journal={Journal of Computer Science and Technology},
  volume={24},
  number={1},
  pages={65--75},
  year={2009},
  publisher={Springer}
}

@article{Bulbul11Assessing,
  title={Assessing Visual Quality of 3-D Polygonal Models},
  author={Bulbul, Abdullah and Capin, Tolga and Lavou{\'e}, Guillaume and Preda, Marius},
  journal={Signal Processing Magazine, IEEE},
  volume={28},
  number={6},
  pages={80--90},
  year={2011},
  publisher={IEEE}
}

@INPROCEEDINGS{Cai11Probability,
  author = {Cai, Kangying and Jiang, Wenfei and Ma, Teng and Tian, Jiang and
	Wang, Wencheng and Luo, Tao},
  title = {Probability model-adaptive coding of point clouds with octree decomposition},
  booktitle = {SIGGRAPH Asia 2011 Posters},
  year = {2011},
  pages = {33},
  organization = {ACM}
}

@inproceedings{Howlett04Experimental,
  title={An experimental approach to predicting saliency for simplified polygonal models},
  author={Howlett, Sarah and Hamill, John and O'Sullivan, Carol},
  booktitle={Proceedings of the 1st Symposium on Applied Perception in Graphics and Visualization},
  pages={57--64},
  year={2004},
  organization={ACM}
}

@inproceedings{Lee05Mesh,
  title={Mesh saliency},
  author={Lee, Chang Ha and Varshney, Amitabh and Jacobs, David W},
  booktitle={ACM Transactions on Graphics (TOG)},
  volume={24},
  number={3},
  pages={659--666},
  year={2005},
  organization={ACM}
}

@inproceedings{Lavoue11Multiscale,
  title={A multiscale metric for 3D mesh visual quality assessment},
  author={Lavou{\'e}, Guillaume},
  booktitle={Computer Graphics Forum},
  volume={30},
  number={5},
  pages={1427--1437},
  year={2011},
  organization={Wiley Online Library}
}

@article{Wang04Image,
  title={Image quality assessment: From error visibility to structural similarity},
  author={Wang, Zhou and Bovik, Alan C and Sheikh, Hamid R and Simoncelli, Eero P},
  journal={Image Processing, IEEE Transactions on},
  volume={13},
  number={4},
  pages={600--612},
  year={2004},
  publisher={IEEE}
}

@inproceedings{Lavoue06Perceptually,
  title={Perceptually driven 3D distance metrics with application to watermarking},
  author={Lavou{\'e}, Guillaume and Gelasca, Elisa Drelie and Dupont, Florent and Baskurt, Atilla and Ebrahimi, Touradj},
  booktitle={Optics \& Photonics},
  pages={63120L--63120L},
  year={2006},
  organization={International Society for Optics and Photonics}
}

@inproceedings{Krivokuca12New,
  title={A new error metric for geometric shape distortion using depth values from orthographic projections},
  author={Krivoku{\'c}a, Maja and W{\"u}nsche, Burkhard C and Abdulla, Waleed},
  booktitle={Proceedings of the 27th Conference on Image and Vision Computing New Zealand},
  pages={388--393},
  year={2012},
  organization={ACM}
}

@INPROCEEDINGS{Lincoln13Interpolating,
AUTHOR="Luke Lincoln and Ruben Gonzalez",
TITLE="Interpolating Leaf Quad Tree Image Compression",
BOOKTITLE="2013 Seventh International Conference on Signal Processing and
Communication Systems (ICSPCS'2013)",
ADDRESS="Gold Coast, Australia",
DAYS=16,
MONTH=dec,
YEAR=2013,
KEYWORDS="image compression;Quadtree;low bit-rate"
}


@INPROCEEDINGS{Cai09Post,
  author = {Cai, Su and Yu, Shengquan},
  title = {Post-Forecast OT: A Novel Method of 3D Model Compression},
  booktitle = {Computational Intelligence and Software Engineering, 2009. CiSE 2009.
	International Conference on},
  year = {2009},
  pages = {1--4},
  organization = {IEEE}
}

@ARTICLE{Chen10Quality,
  author = {Chen, Wen-Chao and Chou, Hong-Long and Chen, Zen},
  title = {A quality controllable multi-view object reconstruction method for
	3D imaging systems},
  journal = {Journal of Visual Communication and Image Representation},
  year = {2010},
  volume = {21},
  pages = {427--441},
  number = {5},
  publisher = {Elsevier}
}

@ARTICLE{Donoho99Wedgelets,
  author = {Donoho, David L},
  title = {Wedgelets: Nearly minimax estimation of edges},
  journal = {The Annals of Statistics},
  year = {1999},
  volume = {27},
  pages = {859--897},
  number = {3},
  publisher = {Institute of Mathematical Statistics}
}

@INPROCEEDINGS{Gandoin02Progressive,
  author = {Gandoin, Pierre-Marie and Devillers, Olivier},
  title = {Progressive lossless compression of arbitrary simplicial complexes},
  booktitle = {ACM Transactions on Graphics (TOG)},
  year = {2002},
  volume = {21},
  number = {3},
  pages = {372--379},
  organization = {ACM}
}

@ARTICLE{Gargantini82Effective,
  author = {Gargantini, Irene},
  title = {An effective way to represent quadtrees},
  journal = {Communications of the ACM},
  year = {1982},
  volume = {25},
  pages = {905--910},
  number = {12},
  publisher = {ACM}
}

@ARTICLE{Huang06Fast,
  author = {Huang, Yan and Pollak, Ilya and Do, Minh N and Bouman, Charles A},
  title = {Fast search for best representations in multitree dictionaries},
  journal = {Image Processing, IEEE Transactions on},
  year = {2006},
  volume = {15},
  pages = {1779--1793},
  number = {7},
  publisher = {IEEE}
}

@INPROCEEDINGS{Kammerl12Real,
  author = {Kammerl, J. and Blodow, N. and Rusu, R.B. and Gedikli, S. and Beetz,
	M. and Steinbach, E.},
  title = {Real-time compression of point cloud streams},
  booktitle = {Robotics and Automation (ICRA), 2012 IEEE International Conference
	on},
  year = {2012},
  pages = {778-785},
  doi = {10.1109/ICRA.2012.6224647},
  issn = {1050-4729},
  keywords = {cloud computing;data compression;tree data structures;coding complexity;coding
	precision;novel lossy compression approach;octree data structures;point
	cloud streams;real-time compression;spatial decomposition;temporal
	redundancy;Decoding;Encoding;Entropy;Octrees;Real time systems;Sensors}
}

@ARTICLE{Kassim09Hierarchical,
  author = {Kassim, Ashraf A and Lee, Wei Siong and Zonoobi, Dornoosh},
  title = {Hierarchical segmentation-based image coding using hybrid quad-binary
	trees},
  journal = {Image Processing, IEEE Transactions on},
  year = {2009},
  volume = {18},
  pages = {1284--1291},
  number = {6},
  publisher = {IEEE}
}

@ARTICLE{Levkovich04Depth,
  author = {Levkovich-Maslyuk, L. and Ignatenko, A. and Zhirkov, A. and Konushin,
	A. and In Kyu Park and Mahnjin Han and Bayakovski, Y.},
  title = {Depth image-based representation and compression for static and animated
	3-D objects},
  journal = {Circuits and Systems for Video Technology, IEEE Transactions on},
  year = {2004},
  volume = {14},
  pages = {1032-1045},
  number = {7},
  doi = {10.1109/TCSVT.2004.830676},
  issn = {1051-8215},
  keywords = {arithmetic codes;computer animation;data compression;data structures;image
	coding;image representation;image texture;rendering (computer graphics);adaptive
	arithmetic coding;animated 3D objects;animation framework extension;computer
	graphics;data structures;depth image-based representation;image compression;image-based
	rendering;octree image;photorealistic representation;point texture;simple
	texture;static 3D objects;Animation;Computer graphics;Data structures;Image
	coding;Laboratories;Layout;MPEG 4 Standard;Pixel;Region 8;Rendering
	(computer graphics);AFX;Compression;MPEG-4 Animation Framework eXtension;depth
	image;image-based rendering;image-based representation;octree;photorealistic
	representation}
}

@ARTICLE{Peng05Geometry,
  author = {Peng, Jingliang and Kuo, C.-C. Jay},
  title = {Geometry-guided progressive lossless 3D mesh coding with octree (OT)
	decomposition},
  journal = {ACM Trans. Graph.},
  year = {2005},
  volume = {24},
  pages = {609--616},
  number = {3},
  month = jul,
  acmid = {1073237},
  address = {New York, NY, USA},
  doi = {10.1145/1073204.1073237},
  issn = {0730-0301},
  issue_date = {July 2005},
  keywords = {3D geometry compression, mesh compression, non-manifold mesh, progressive
	lossless coding, triangle soup},
  numpages = {8},
  publisher = {ACM},
  url = {http://doi.acm.org/10.1145/1073204.1073237}
}

@INPROCEEDINGS{Peng05Progressive,
  author = {Peng, Jingliang and Yang, Sheng and Kuo, C-CJ},
  title = {Progressive lossless 3D mesh encoder with octree-based space partitioning},
  booktitle = {Circuits and Systems, 2005. ISCAS 2005. IEEE International Symposium
	on},
  year = {2005},
  pages = {948--951},
  organization = {IEEE}
}

@ARTICLE{Radha96Image,
  author = {Radha, Hayder and Vetterli, Martin and Leonardi, Riccardo},
  title = {Image compression using binary space partitioning trees},
  journal = {Image Processing, IEEE Transactions on},
  year = {1996},
  volume = {5},
  pages = {1610--1624},
  number = {12},
  publisher = {IEEE}
}

@ARTICLE{Siddiqui07Octree,
  author = {Rizwan A Siddiquim Isil Celasun, UlugBayazit},
  title = {Octree Based Compression of Volumetric and Surface 3D Point Cloud
	Data},
  year = {2007},
  publisher = {Intl Conference on Virtual Systems and Multimedia}
}

@ARTICLE{samet88Overview,
  author = {Samet, Hanan},
  title = {An overview of quadtrees, octrees, and related hierarchical data
	structures},
  journal = {NATO ASI Series},
  year = {1988},
  volume = {40},
  pages = {51--68}
}

@INPROCEEDINGS{Samet02Octree,
  author = {Samet, H. and Kochut, A.},
  title = {Octree approximation an compression methods},
  booktitle = {3D Data Processing Visualization and Transmission, 2002. Proceedings.
	First International Symposium on},
  year = {2002},
  pages = {460-469},
  doi = {10.1109/TDPVT.2002.1024101},
  keywords = {Approximation methods;Automation;Computer science;Data processing;Data
	visualization;Educational institutions;Image coding;Internet;Shape;Transform
	coding}
}

@INPROCEEDINGS{Schnabel06Octree,
  author = {Schnabel, Ruwen and Klein, Reinhard},
  title = {Octree-based point-cloud compression},
  booktitle = {Symposium on point-based graphics},
  year = {2006},
  pages = {111--120},
  organization = {The Eurographics Association}
}

@ARTICLE{Shukla05Rate,
  author = {Shukla, Rahul and Dragotti, Pier Luigi and Do, Minh N and Vetterli,
	Martin},
  title = {Rate-distortion optimized tree-structured compression algorithms
	for piecewise polynomial images},
  journal = {Image Processing, IEEE Transactions on},
  year = {2005},
  volume = {14},
  pages = {343--359},
  number = {3},
  publisher = {IEEE}
}

@INPROCEEDINGS{Song06Progressive,
  author = {Song, In-Wook and Lee, Sang-Uk and Kim, Chang-Su},
  title = {Progressive transmission of PointTexture 3-D images},
  booktitle = {Acoustics, Speech and Signal Processing, 2006. ICASSP 2006 Proceedings.
	2006 IEEE International Conference on},
  year = {2006},
  volume = {2},
  pages = {II--II},
  organization = {IEEE}
}

@INPROCEEDINGS{Song08Octree,
  author = {Song, Weiwei and Hua, Shungang and Ou, Zongying and An, Hu and Song,
	Kaifeng},
  title = {Octree based representation and volume rendering of three-dimensional
	medical data sets},
  booktitle = {BioMedical Engineering and Informatics, 2008. BMEI 2008. International
	Conference on},
  year = {2008},
  volume = {1},
  pages = {316--320},
  organization = {IEEE}
}

@INPROCEEDINGS{Varma12Application,
  author = {Varma, K.C.R.C. and Parthasarathy, S. and Sankaran, P.},
  title = {Application of Quad Tree for low bitrate compression},
  booktitle = {Computational Intelligence and Signal Processing (CISP), 2012 2nd
	National Conference on},
  year = {2012},
  pages = {104-108},
  doi = {10.1109/NCCISP.2012.6189687},
  keywords = {data compression;image coding;polynomial approximation;quadtrees;JPEG;Otsu
	thresholding method;first order polynomial;image compression;low
	bitrate compression;polynomial approximation coefficients;quad tree
	algorithm;quad tree decomposition;Approximation methods;Bit rate;Image
	coding;Mathematical model;PSNR;Polynomials;Otsu Thresholding;Polynomial
	approximation of image;Quad Tree decomposition}
}

@INPROCEEDINGS{Wakin02Rate,
  author = {Wakin, Michael and Romberg, Justin and Choi, Hyeokho and Baraniuk,
	Richard},
  title = {Rate-distortion optimized image compression using wedgelets},
  booktitle = {Image Processing. 2002. Proceedings. 2002 International Conference
	on},
  year = {2002},
  volume = {3},
  pages = {III--237},
  organization = {IEEE}
}

@ARTICLE{Yemez03Multilevel,
  author = {Yemez, Y{\"u}cel and Schmitt, Francis},
  title = {Multilevel representation and transmission of real objects with progressive
	octree particles},
  journal = {Visualization and Computer Graphics, IEEE Transactions on},
  year = {2003},
  volume = {9},
  pages = {551--569},
  number = {4},
  publisher = {IEEE}
}

