
@inproceedings{Sturm11Towards,
  title={Towards a benchmark for RGB-D SLAM evaluation},
  author={Sturm, J{\"u}rgen and Magnenat, St{\'e}phane and Engelhard, Nikolas and Pomerleau, Fran{\c{c}}ois and Colas, Francis and Cremers, Daniel and Siegwart, Roland and Burgard, Wolfram},
  booktitle={RGB-D Workshop on Advanced Reasoning with Depth Cameras at Robotics: Science and Systems Conf.(RSS)},
  year={2011}
}

@article{Fischler81Random,
  title={Random sample consensus: a paradigm for model fitting with applications to image analysis and automated cartography},
  author={Fischler, Martin A and Bolles, Robert C},
  journal={Communications of the ACM},
  volume={24},
  number={6},
  pages={381--395},
  year={1981},
  publisher={ACM}
}

@article{Umeyama91Least,
  title={Least-squares estimation of transformation parameters between two point patterns},
  author={Umeyama, Shinji},
  journal={IEEE Transactions on pattern analysis and machine intelligence},
  volume={13},
  number={4},
  pages={376--380},
  year={1991},
  publisher={IEEE}
}

@inproceedings{Calonder10Brief,
  title={Brief: Binary robust independent elementary features},
  author={Calonder, Michael and Lepetit, Vincent and Strecha, Christoph and Fua, Pascal},
  booktitle={European conference on computer vision},
  pages={778--792},
  year={2010},
  organization={Springer}
}

@inproceedings{Rosten06Machine,
  title={Machine learning for high-speed corner detection},
  author={Rosten, Edward and Drummond, Tom},
  booktitle={European conference on computer vision},
  pages={430--443},
  year={2006},
  organization={Springer}
}

@book{Bradski08Learning,
  title={Learning OpenCV: Computer vision with the OpenCV library},
  author={Bradski, Gary and Kaehler, Adrian},
  year={2008},
  publisher={" O'Reilly Media, Inc."}
}

@inproceedings{Hornung10Humanoid,
  title={Humanoid robot localization in complex indoor environments},
  author={Hornung, Armin and Wurm, Kai M and Bennewitz, Maren},
  booktitle={Intelligent Robots and Systems (IROS), 2010 IEEE/RSJ International Conference on},
  pages={1690--1695},
  year={2010},
  organization={IEEE}
}

@inproceedings{Fioraio11Realtime,
  title={Realtime visual and point cloud slam},
  author={Fioraio, Nicola and Konolige, Kurt},
  booktitle={Proc. of the RGB-D workshop on advanced reasoning with depth cameras at robotics: Science and Systems Conf.(RSS)},
  volume={27},
  year={2011}
}

@article{Paz08Large,
  title={Large-scale 6-DOF SLAM with stereo-in-hand},
  author={Paz, Lina M and Pini{\'e}s, Pedro and Tard{\'o}s, Juan D and Neira, Jos{\'e}},
  journal={IEEE transactions on robotics},
  volume={24},
  number={5},
  pages={946--957},
  year={2008},
  publisher={IEEE}
}

@inproceedings{Konolige08Outdoor,
  title={Outdoor mapping and navigation using stereo vision},
  author={Konolige, Kurt and Agrawal, Motilal and Bolles, Robert C and Cowan, Cregg and Fischler, Martin and Gerkey, Brian},
  booktitle={Experimental Robotics},
  pages={179--190},
  year={2008},
  organization={Springer}
}

@article{Wu07Siftgpu,
  title={SiftGPU: A GPU implementation of scale invariant feature transform (SIFT)},
  author={Wu, Changchang},
  year={2007}
}

@article{Nister05Preemptive,
  title={Preemptive RANSAC for live structure and motion estimation},
  author={Nist{\'e}r, David},
  journal={Machine Vision and Applications},
  volume={16},
  number={5},
  pages={321--329},
  year={2005},
  publisher={Springer}
}

@inproceedings{Jin00Real,
  title={Real-time 3D motion and structure of point features: a front-end system for vision-based control and interaction},
  author={Jin, Hailin and Favaro, Paolo and Soatto, Stefano},
  booktitle={Computer Vision and Pattern Recognition, 2000. Proceedings. IEEE Conference on},
  volume={2},
  pages={778--779},
  year={2000},
  organization={IEEE}
}

@inproceedings{Segal09Generalized,
  title={Generalized-ICP.},
  author={Segal, Aleksandr and Haehnel, Dirk and Thrun, Sebastian},
  booktitle={Robotics: Science and Systems},
  volume={2},
  number={4},
  year={2009}
}

@inproceedings{Rusinkiewicz01Efficient,
  title={Efficient variants of the ICP algorithm},
  author={Rusinkiewicz, Szymon and Levoy, Marc},
  booktitle={3-D Digital Imaging and Modeling, 2001. Proceedings. Third International Conference on},
  pages={145--152},
  year={2001},
  organization={IEEE}
}

@inproceedings{Olson06Fast,
  title={Fast iterative alignment of pose graphs with poor initial estimates},
  author={Olson, Edwin and Leonard, John and Teller, Seth},
  booktitle={Proceedings 2006 IEEE International Conference on Robotics and Automation, 2006. ICRA 2006.},
  pages={2262--2269},
  year={2006},
  organization={IEEE}
}

@article{Frese05Multilevel,
  title={A multilevel relaxation algorithm for simultaneous localization and mapping},
  author={Frese, Udo and Larsson, Per and Duckett, Tom},
  journal={IEEE Transactions on Robotics},
  volume={21},
  number={2},
  pages={196--207},
  year={2005},
  publisher={IEEE}
}

@article{Kaess08Isam,
  title={iSAM: Incremental smoothing and mapping},
  author={Kaess, Michael and Ranganathan, Ananth and Dellaert, Frank},
  journal={IEEE Transactions on Robotics},
  volume={24},
  number={6},
  pages={1365--1378},
  year={2008},
  publisher={IEEE}
}

@article{Dellaert06Square,
  title={Square Root SAM: Simultaneous localization and mapping via square root information smoothing},
  author={Dellaert, Frank and Kaess, Michael},
  journal={The International Journal of Robotics Research},
  volume={25},
  number={12},
  pages={1181--1203},
  year={2006},
  publisher={SAGE Publications}
}

@inproceedings{Grisetti07Efficient,
  title={Efficient estimation of accurate maximum likelihood maps in 3d},
  author={Grisetti, Giorgio and Grzonka, Slawomir and Stachniss, Cyrill and Pfaff, Patrick and Burgard, Wolfram},
  booktitle={2007 IEEE/RSJ International Conference on Intelligent Robots and Systems},
  pages={3472--3478},
  year={2007},
  organization={IEEE}
}

@inproceedings{Nuchter056d,
  title={6D SLAM with approximate data association},
  author={Nuchter, A and Lingemann, Kai and Hertzberg, Joachim and Surmann, Hartmut},
  booktitle={ICAR'05. Proceedings., 12th International Conference on Advanced Robotics, 2005.},
  pages={242--249},
  year={2005},
  organization={IEEE}
}

@article{Thrun02Robotic,
  title={Robotic mapping: A survey},
  author={Thrun, Sebastian and others},
  journal={Exploring artificial intelligence in the new millennium},
  volume={1},
  pages={1--35},
  year={2002}
}

@inproceedings{Sturm11Towards,
  title={Towards a benchmark for RGB-D SLAM evaluation},
  author={Sturm, J{\"u}rgen and Magnenat, St{\'e}phane and Engelhard, Nikolas and Pomerleau, Fran{\c{c}}ois and Colas, Francis and Cremers, Daniel and Siegwart, Roland and Burgard, Wolfram},
  booktitle={RGB-D Workshop on Advanced Reasoning with Depth Cameras at Robotics: Science and Systems Conf.(RSS)},
  year={2011}
}

@inproceedings{Kaess11Isam2,
  title={iSAM2: Incremental smoothing and mapping with fluid relinearization and incremental variable reordering},
  author={Kaess, Michael and Johannsson, Hordur and Roberts, Richard and Ila, Viorela and Leonard, John and Dellaert, Frank},
  booktitle={Robotics and Automation (ICRA), 2011 IEEE International Conference on},
  pages={3281--3288},
  year={2011},
  organization={IEEE}
}

@inproceedings{Lorensen87Marching,
  title={Marching cubes: A high resolution 3D surface construction algorithm},
  author={Lorensen, William E and Cline, Harvey E},
  booktitle={ACM siggraph computer graphics},
  volume={21},
  number={4},
  pages={163--169},
  year={1987},
  organization={ACM}
}

@techreport{Baerentzen01Implementation,
  title={On the implementation of fast marching methods for 3D lattices},
  author={B{\ae}rentzen, Jakob Andreas},
  year={2001}
}

@book{Ma12Invitation,
  title={An invitation to 3-d vision: from images to geometric models},
  author={Ma, Yi and Soatto, Stefano and Kosecka, Jana and Sastry, S Shankar},
  volume={26},
  year={2012},
  publisher={Springer Science \& Business Media}
}

@inproceedings{Ren12Unified,
  title={A unified energy minimization framework for model fitting in depth},
  author={Ren, Carl Yuheng and Reid, Ian},
  booktitle={European Conference on Computer Vision},
  pages={72--82},
  year={2012},
  organization={Springer}
}


@inproceedings{Kubacki12Registration,
  title={Registration and integration of multiple depth images using signed distance function},
  author={Kubacki, Daniel B and Bui, Huy Q and Babacan, S Derin and Do, Minh N},
  booktitle={IS\&T/SPIE Electronic Imaging},
  pages={82960Z--82960Z},
  year={2012},
  organization={International Society for Optics and Photonics}
}

@article{Canelhas12Scene,
  title={Scene representation, registration and object detection in a truncated signed distance function representation of 3d space},
  author={Canelhas, D},
  journal={Master's Thesis},
  year={2012}
}

@inproceedings{Tykkala11Direct,
  title={Direct iterative closest point for real-time visual odometry},
  author={Tykk{\"a}l{\"a}, Tommi and Audras, C{\'e}dric and Comport, Andrew I},
  booktitle={Computer Vision Workshops (ICCV Workshops), 2011 IEEE International Conference on},
  pages={2050--2056},
  year={2011},
  organization={IEEE}
}

@inproceedings{Kerl13Robust,
  title={Robust odometry estimation for RGB-D cameras},
  author={Kerl, Christian and Sturm, J{\"u}rgen and Cremers, Daniel},
  booktitle={Robotics and Automation (ICRA), 2013 IEEE International Conference on},
  pages={3748--3754},
  year={2013},
  organization={IEEE}
}

@inproceedings{Steinbrucker11Real,
  title={Real-time visual odometry from dense RGB-D images},
  author={Steinbr{\"u}cker, Frank and Sturm, J{\"u}rgen and Cremers, Daniel},
  booktitle={Computer Vision Workshops (ICCV Workshops), 2011 IEEE International Conference on},
  pages={719--722},
  year={2011},
  organization={IEEE}
}



@inproceedings{Sturm12Benchmark,
  title={A benchmark for the evaluation of RGB-D SLAM systems},
  author={Sturm, J{\"u}rgen and Engelhard, Nikolas and Endres, Felix and Burgard, Wolfram and Cremers, Daniel},
  booktitle={2012 IEEE/RSJ International Conference on Intelligent Robots and Systems},
  pages={573--580},
  year={2012},
  organization={IEEE}
}



@inproceedings{Kummerle11G,
  title={g 2 o: A general framework for graph optimization},
  author={K{\"u}mmerle, Rainer and Grisetti, Giorgio and Strasdat, Hauke and Konolige, Kurt and Burgard, Wolfram},
  booktitle={Robotics and Automation (ICRA), 2011 IEEE International Conference on},
  pages={3607--3613},
  year={2011},
  organization={IEEE}
}




@inproceedings{Whelan13Robust,
  title={Robust real-time visual odometry for dense RGB-D mapping},
  author={Whelan, Thomas and Johannsson, Hordur and Kaess, Michael and Leonard, John J and McDonald, John},
  booktitle={Robotics and Automation (ICRA), 2013 IEEE International Conference on},
  pages={5724--5731},
  year={2013},
  organization={IEEE}
}

@inproceedings{Hirschmuller05Accurate,
  title={Accurate and efficient stereo processing by semi-global matching and mutual information},
  author={Hirschmuller, Heiko},
  booktitle={2005 IEEE Computer Society Conference on Computer Vision and Pattern Recognition (CVPR'05)},
  volume={2},
  pages={807--814},
  year={2005},
  organization={IEEE}
}

@inproceedings{Agarwal09Building,
  title={Building rome in a day},
  author={Agarwal, Sameer and Snavely, Noah and Simon, Ian and Seitz, Steven M and Szeliski, Richard},
  booktitle={2009 IEEE 12th international conference on computer vision},
  pages={72--79},
  year={2009},
  organization={IEEE}
}

@misc{Rasch09Remarks,
  title={Remarks on the O (N) Implementation of the Fast Marching Method, preprint, 2007},
  author={Rasch, C and Satzger, T},
    year={2009}
}

@inproceedings{Wurm10Octomap,
  title={OctoMap: A probabilistic, flexible, and compact 3D map representation for robotic systems},
  author={Wurm, Kai M and Hornung, Armin and Bennewitz, Maren and Stachniss, Cyrill and Burgard, Wolfram},
  booktitle={Proc. of the ICRA 2010 workshop on best practice in 3D perception and modeling for mobile manipulation},
  volume={2},
  year={2010}
}

@inproceedings{Cui103d,
  title={3D shape scanning with a time-of-flight camera},
  author={Cui, Yan and Schuon, Sebastian and Chan, Derek and Thrun, Sebastian and Theobalt, Christian},
  booktitle={Computer Vision and Pattern Recognition (CVPR), 2010 IEEE Conference on},
  pages={1173--1180},
  year={2010},
  organization={IEEE}
}

@inproceedings{Weise09Hand,
  title={In-hand scanning with online loop closure},
  author={Weise, Thibaut and Wismer, Thomas and Leibe, Bastian and Van Gool, Luc},
  booktitle={Computer Vision Workshops (ICCV Workshops), 2009 IEEE 12th International Conference on},
  pages={1630--1637},
  year={2009},
  organization={IEEE}
}

@article{Rusinkiewicz02Real,
  title={Real-time 3D model acquisition},
  author={Rusinkiewicz, Szymon and Hall-Holt, Olaf and Levoy, Marc},
  journal={ACM Transactions on Graphics (TOG)},
  volume={21},
  number={3},
  pages={438--446},
  year={2002},
  publisher={ACM}
}

@inproceedings{Parker98Interactive,
  title={Interactive ray tracing for isosurface rendering},
  author={Parker, Steven and Shirley, Peter and Livnat, Yarden and Hansen, Charles and Sloan, Peter-Pike},
  booktitle={Proceedings of the conference on Visualization'98},
  pages={233--238},
  year={1998},
  organization={IEEE Computer Society Press}
}

@article{Cubes87High,
  title={A High Resolution 3D Surface Construction Algorithm/William E},
  author={Cubes, Marching},
  journal={Lorensen, Harvey E. Cline--SIG ‘87},
  year={1987}
}



@inproceedings{Elfes87Sensor,
  title={Sensor integration for robot navigation: combining sonar and stereo range data in a grid-based representataion},
  author={Elfes, Alberto and Matthies, Larry},
  booktitle={Decision and Control, 1987. 26th IEEE Conference on},
  volume={26},
  pages={1802--1807},
  year={1987},
  organization={IEEE}
}

@article{Blais95Registering,
  title={Registering multiview range data to create 3D computer objects},
  author={Blais, G{\'e}rard and Levine, Martin D.},
  journal={IEEE Transactions on Pattern Analysis and Machine Intelligence},
  volume={17},
  number={8},
  pages={820--824},
  year={1995},
  publisher={IEEE}
}

@article{Chen92Object,
  title={Object modelling by registration of multiple range images},
  author={Chen, Yang and Medioni, G{\'e}rard},
  journal={Image and vision computing},
  volume={10},
  number={3},
  pages={145--155},
  year={1992},
  publisher={Elsevier}
}

@inproceedings{Besl92Method,
  title={Method for registration of 3-D shapes},
  author={Besl, Paul J and McKay, Neil D},
  booktitle={Robotics-DL tentative},
  pages={586--606},
  year={1992},
  organization={International Society for Optics and Photonics}
}

@inproceedings{Strasdat10Real,
  title={Real-time monocular SLAM: Why filter?},
  author={Strasdat, Hauke and Montiel, JMM and Davison, Andrew J},
  booktitle={Robotics and Automation (ICRA), 2010 IEEE International Conference on},
  pages={2657--2664},
  year={2010},
  organization={IEEE}
}

@article{Beardsley97Sequential,
  title={Sequential updating of projective and affine structure from motion},
  author={Beardsley, Paul A and Zisserman, Andrew and Murray, David W},
  journal={International journal of computer vision},
  volume={23},
  number={3},
  pages={235--259},
  year={1997},
  publisher={Springer}
}

@article{Zhang12Microsoft,
  title={Microsoft kinect sensor and its effect},
  author={Zhang, Zhengyou},
  journal={IEEE multimedia},
  volume={19},
  number={2},
  pages={4--10},
  year={2012},
  publisher={IEEE}
}



@inproceedings{Stuhmer10Real,
  title={Real-time dense geometry from a handheld camera},
  author={St{\"u}hmer, Jan and Gumhold, Stefan and Cremers, Daniel},
  booktitle={Joint Pattern Recognition Symposium},
  pages={11--20},
  year={2010},
  organization={Springer}
}



@inproceedings{Davison03Real,
  title={Real-time simultaneous localisation and mapping with a single camera},
  author={Davison, Andrew J},
  booktitle={Computer Vision, 2003. Proceedings. Ninth IEEE International Conference on},
  pages={1403--1410},
  year={2003},
  organization={IEEE}
}


@inproceedings{Fitzgibbon98Automatic,
  title={Automatic camera recovery for closed or open image sequences},
  author={Fitzgibbon, Andrew W and Zisserman, Andrew},
  booktitle={European conference on computer vision},
  pages={311--326},
  year={1998},
  organization={Springer}
}


@inproceedings{Weikersdorfer14Event,
  title={Event-based 3D SLAM with a depth-augmented dynamic vision sensor},
  author={Weikersdorfer, David and Adrian, David B and Cremers, Daniel and Conradt, Jorg},
  booktitle={Robotics and Automation (ICRA), 2014 IEEE International Conference on},
  pages={359--364},
  year={2014},
  organization={IEEE}
}

@inproceedings{Kerl13Dense,
  title={Dense visual SLAM for RGB-D cameras},
  author={Kerl, Christian and Sturm, J{\"u}rgen and Cremers, Daniel},
  booktitle={Intelligent Robots and Systems (IROS), 2013 IEEE/RSJ International Conference on},
  pages={2100--2106},
  year={2013},
  organization={IEEE}
}

@inproceedings{Bylow13Real,
  title={Real-time camera tracking and 3D reconstruction using signed distance functions},
  author={Bylow, Erik and Sturm, J{\"u}rgen and Kerl, Christian and Kahl, Fredrik and Cremers, Daniel},
  booktitle={Robotics: Science and Systems (RSS) Conference 2013},
  volume={9},
  year={2013}
}

@inproceedings{Endres12Evaluation,
  title={An evaluation of the RGB-D SLAM system},
  author={Endres, Felix and Hess, J{\"u}rgen and Engelhard, Nikolas and Sturm, J{\"u}rgen and Cremers, Daniel and Burgard, Wolfram},
  booktitle={Robotics and Automation (ICRA), 2012 IEEE International Conference on},
  pages={1691--1696},
  year={2012},
  organization={IEEE}
}

@article{Whelan12Kintinuous,
  title={Kintinuous: Spatially extended kinectfusion},
  author={Whelan, Thomas and Kaess, Michael and Fallon, Maurice and Johannsson, Hordur and Leonard, John and McDonald, John},
  year={2012},
  journal={MIT-CSAIL}
}

@inproceedings{Newcombe11Kinectfusion,
  title={KinectFusion: Real-time dense surface mapping and tracking},
  author={Newcombe, Richard A and Izadi, Shahram and Hilliges, Otmar and Molyneaux, David and Kim, David and Davison, Andrew J and Kohi, Pushmeet and Shotton, Jamie and Hodges, Steve and Fitzgibbon, Andrew},
  booktitle={Mixed and augmented reality (ISMAR), 2011 10th IEEE international symposium on},
  pages={127--136},
  year={2011},
  organization={IEEE}
}

@inproceedings{Henry10Rgb,
  title={RGB-D mapping: Using depth cameras for dense 3D modeling of indoor environments},
  author={Henry, Peter and Krainin, Michael and Herbst, Evan and Ren, Xiaofeng and Fox, Dieter},
  booktitle={In the 12th International Symposium on Experimental Robotics (ISER},
  year={2010},
  organization={Citeseer}
}

@article{Smith97Scientist,
  title={The scientist and engineer's guide to digital signal processing},
  author={Smith, Steven W and others},
  year={1997},
  publisher={California Technical Pub. San Diego}
}

@book{Davies12Computer,
  title={Computer and machine vision: theory, algorithms, practicalities},
  author={Davies, E Roy},
  year={2012},
  publisher={Academic Press}
}

@inproceedings{Ray99Determination,
  title={Determination of number of clusters in k-means clustering and application in colour image segmentation},
  author={Ray, Siddheswar and Turi, Rose H},
  booktitle={Proceedings of the 4th international conference on advances in pattern recognition and digital techniques},
  pages={137--143},
  year={1999}
}

@article{Otsu75Threshold,
  title={A threshold selection method from gray-level histograms},
  author={Otsu, Nobuyuki},
  journal={Automatica},
  volume={11},
  number={285-296},
  pages={23--27},
  year={1975}
}

@article{Kittler86Minimum,
  title={Minimum error thresholding},
  author={Kittler, Josef and Illingworth, John},
  journal={Pattern recognition},
  volume={19},
  number={1},
  pages={41--47},
  year={1986},
  publisher={Elsevier}
}

@article{Yang08Unsupervised,
  title={Unsupervised segmentation of natural images via lossy data compression},
  author={Yang, Allen Y and Wright, John and Ma, Yi and Sastry, S Shankar},
  journal={Computer Vision and Image Understanding},
  volume={110},
  number={2},
  pages={212--225},
  year={2008},
  publisher={Elsevier}
}

@article{Shi00Normalized,
  title={Normalized cuts and image segmentation},
  author={Shi, Jianbo and Malik, Jitendra},
  journal={Pattern Analysis and Machine Intelligence, IEEE Transactions on},
  volume={22},
  number={8},
  pages={888--905},
  year={2000},
  publisher={IEEE}
}

@article{Felzenszwalb04Efficient,
  title={Efficient graph-based image segmentation},
  author={Felzenszwalb, Pedro F and Huttenlocher, Daniel P},
  journal={International Journal of Computer Vision},
  volume={59},
  number={2},
  pages={167--181},
  year={2004},
  publisher={Springer}
}

@article{Comaniciu02Mean,
  title={Mean shift: A robust approach toward feature space analysis},
  author={Comaniciu, Dorin and Meer, Peter},
  journal={Pattern Analysis and Machine Intelligence, IEEE Transactions on},
  volume={24},
  number={5},
  pages={603--619},
  year={2002},
  publisher={IEEE}
}

@article{Pavlidis90Integrating,
  title={Integrating region growing and edge detection},
  author={Pavlidis, Theodosios and Liow, Y-T},
  journal={Pattern Analysis and Machine Intelligence, IEEE Transactions on},
  volume={12},
  number={3},
  pages={225--233},
  year={1990},
  publisher={IEEE}
}

@article{Malik01Contour,
  title={Contour and texture analysis for image segmentation},
  author={Malik, Jitendra and Belongie, Serge and Leung, Thomas and Shi, Jianbo},
  journal={International journal of computer vision},
  volume={43},
  number={1},
  pages={7--27},
  year={2001},
  publisher={Springer}
}

@article{Pichel06Image,
  title={Image segmentation based on merging of sub-optimal segmentations},
  author={Pichel, Juan C and Singh, David E and Rivera, Francisco F},
  journal={Pattern recognition letters},
  volume={27},
  number={10},
  pages={1105--1116},
  year={2006},
  publisher={Elsevier}
}

@article{Hsu00Multiresolution,
  title={A multiresolution texture gradient method for unsupervised segmentation},
  author={Hsu, Tao-I and Ling Kuo, Jiann and Wilson, Roland},
  journal={Pattern Recognition},
  volume={33},
  number={11},
  pages={1819--1833},
  year={2000},
  publisher={Elsevier}
}


@article{Garcia09Automatic,
  title={Automatic image segmentation by dynamic region growth and multiresolution merging},
  author={Garcia Ugarriza, Luis and Saber, Eli and Vantaram, Sreenath Rao and Amuso, Vincent and Shaw, Mark and Bhaskar, Ranjit},
  journal={Image Processing, IEEE Transactions on},
  volume={18},
  number={10},
  pages={2275--2288},
  year={2009},
  publisher={IEEE}
}

@article{Zhang08Image,
  title={Image segmentation evaluation: A survey of unsupervised methods},
  author={Zhang, Hui and Fritts, Jason E and Goldman, Sally A},
  journal={computer vision and image understanding},
  volume={110},
  number={2},
  pages={260--280},
  year={2008},
  publisher={Elsevier}
}

@article{Ning10Interactive,
  title={Interactive image segmentation by maximal similarity based region merging},
  author={Ning, Jifeng and Zhang, Lei and Zhang, David and Wu, Chengke},
  journal={Pattern Recognition},
  volume={43},
  number={2},
  pages={445--456},
  year={2010},
  publisher={Elsevier}
}

@article{Arbelaez11Contour,
  title={Contour detection and hierarchical image segmentation},
  author={Arbelaez, Pablo and Maire, Michael and Fowlkes, Charless and Malik, Jitendra},
  journal={Pattern Analysis and Machine Intelligence, IEEE Transactions on},
  volume={33},
  number={5},
  pages={898--916},
  year={2011},
  publisher={IEEE}
}

@incollection{Freixenet02Yet,
  title={Yet another survey on image segmentation: Region and boundary information integration},
  author={Freixenet, Jordi and Mu{\~n}oz, Xavier and Raba, David and Mart{\'\i}, Joan and Cuf{\'\i}, Xavier},
  booktitle={Computer Vision—ECCV 2002},
  pages={408--422},
  year={2002},
  publisher={Springer}
}

@article{Guijarro11Automatic,
  title={Automatic segmentation of relevant textures in agricultural images},
  author={Guijarro, Maria and Pajares, Gonzalo and Riomoros, I and Herrera, PJ and Burgos-Artizzu, XP and Ribeiro, A},
  journal={Computers and Electronics in Agriculture},
  volume={75},
  number={1},
  pages={75--83},
  year={2011},
  publisher={Elsevier}
}

@inproceedings{Stuckler12Robust,
  title={Robust real-time registration of RGB-D images using multi-resolution surfel representations},
  author={St{\"u}ckler, J{\"o}rg and Behnke, Sven},
  booktitle={Robotics; Proceedings of ROBOTIK 2012; 7th German Conference on},
  pages={1--4},
  year={2012},
  organization={VDE}
}

@article{Pollefeys08Detailed,
  title={Detailed real-time urban 3d reconstruction from video},
  author={Pollefeys, Marc and Nist{\'e}r, David and Frahm, J-M and Akbarzadeh, Amir and Mordohai, Philippos and Clipp, Brian and Engels, Chris and Gallup, David and Kim, S-J and Merrell, Paul and others},
  journal={International Journal of Computer Vision},
  volume={78},
  number={2-3},
  pages={143--167},
  year={2008},
  publisher={Springer}
}

@inproceedings{Fusiello08Quasi,
  title={Quasi-euclidean uncalibrated epipolar rectification},
  author={Fusiello, Andrea and Irsara, Luca},
  booktitle={Pattern Recognition, 2008. ICPR 2008. 19th International Conference on},
  pages={1--4},
  year={2008},
  organization={IEEE}
}

@inproceedings{Zach08Fast,
  title={Fast and high quality fusion of depth maps},
  author={Zach, Christopher},
  booktitle={Proceedings of the International Symposium on 3D Data Processing, Visualization and Transmission (3DPVT)},
  volume={1},
  year={2008}
}

@inproceedings{Curless96Volumetric,
  title={A volumetric method for building complex models from range images},
  author={Curless, Brian and Levoy, Marc},
  booktitle={Proceedings of the 23rd annual conference on Computer graphics and interactive techniques},
  pages={303--312},
  year={1996},
  organization={ACM}
}

@inproceedings{Izadi11Kinectfusion,
  title={KinectFusion: real-time 3D reconstruction and interaction using a moving depth camera},
  author={Izadi, Shahram and Kim, David and Hilliges, Otmar and Molyneaux, David and Newcombe, Richard and Kohli, Pushmeet and Shotton, Jamie and Hodges, Steve and Freeman, Dustin and Davison, Andrew and others},
  booktitle={Proceedings of the 24th annual ACM symposium on User interface software and technology},
  pages={559--568},
  year={2011},
  organization={ACM}
}

@inproceedings{Hane11Stereo,
  title={Stereo depth map fusion for robot navigation},
  author={Hane, Christian and Zach, Christopher and Lim, Jongwoo and Ranganathan, Ananth and Pollefeys, Marc},
  booktitle={Intelligent Robots and Systems (IROS), 2011 IEEE/RSJ International Conference on},
  pages={1618--1625},
  year={2011},
  organization={IEEE}
}

@inproceedings{Graber11Online,
  title={Online 3d reconstruction using convex optimization},
  author={Graber, Gottfried and Pock, Thomas and Bischof, Horst},
  booktitle={Computer Vision Workshops (ICCV Workshops), 2011 IEEE International Conference on},
  pages={708--711},
  year={2011},
  organization={IEEE}
}

@inproceedings{Zhang12Edge,
  title={Edge-preserving photometric stereo via depth fusion},
  author={Zhang, Qing and Ye, Mao and Yang, Ruigang and Matsushita, Yasuyuki and Wilburn, Bennett and Yu, Huimin},
  booktitle={Computer Vision and Pattern Recognition (CVPR), 2012 IEEE Conference on},
  pages={2472--2479},
  year={2012},
  organization={IEEE}
}

@inproceedings{Zach07Globally,
  title={A globally optimal algorithm for robust TV-L 1 range image integration},
  author={Zach, Christopher and Pock, Thomas and Bischof, Horst},
  booktitle={Computer Vision, 2007. ICCV 2007. IEEE 11th International Conference on},
  pages={1--8},
  year={2007},
  organization={IEEE}
}

@incollection{Bailer12Scale,
  title={Scale robust multi view stereo},
  author={Bailer, Christian and Finckh, Manuel and Lensch, Hendrik PA},
  booktitle={Computer Vision--ECCV 2012},
  pages={398--411},
  year={2012},
  publisher={Springer}
}

@incollection{Jacquet14Multi,
  title={Multi-body Depth-Map Fusion with Non-intersection Constraints},
  author={Jacquet, Bastien and H{\"a}ne, Christian and Angst, Roland and Pollefeys, Marc},
  booktitle={Computer Vision--ECCV 2014},
  pages={735--750},
  year={2014},
  publisher={Springer}
}

@inproceedings{Fuhrmann11Fusion,
  title={Fusion of depth maps with multiple scales},
  author={Fuhrmann, Simon and Goesele, Michael},
  booktitle={ACM Transactions on Graphics (TOG)},
  volume={30},
  number={6},
  pages={148},
  year={2011},
  organization={ACM}
}

@inproceedings{Seitz06Comparison,
  title={A comparison and evaluation of multi-view stereo reconstruction algorithms},
  author={Seitz, Steven M and Curless, Brian and Diebel, James and Scharstein, Daniel and Szeliski, Richard},
  booktitle={Computer vision and pattern recognition, 2006 IEEE Computer Society Conference on},
  volume={1},
  pages={519--528},
  year={2006},
  organization={IEEE}
}

@article{Zhang09Consistent,
  title={Consistent depth maps recovery from a video sequence},
  author={Zhang, Guofeng and Jia, Jiaya and Wong, Tien-Tsin and Bao, Hujun},
  journal={Pattern Analysis and Machine Intelligence, IEEE Transactions on},
  volume={31},
  number={6},
  pages={974--988},
  year={2009},
  publisher={IEEE}
}

@article{Davison02Simultaneous,
  title={Simultaneous localization and map-building using active vision},
  author={Davison, Andrew J and Murray, David W},
  journal={Pattern Analysis and Machine Intelligence, IEEE Transactions on},
  volume={24},
  number={7},
  pages={865--880},
  year={2002},
  publisher={IEEE}
}

@inproceedings{Sim05Vision,
  title={Vision-based SLAM using the Rao-Blackwellised particle filter},
  author={Sim, Robert and Elinas, Pantelis and Griffin, Matt and Little, James J and others},
  booktitle={IJCAI Workshop on Reasoning with Uncertainty in Robotics},
  volume={14},
  pages={9--16},
  year={2005}
}


@inproceedings{Klein07Parallel,
  title={Parallel tracking and mapping for small AR workspaces},
  author={Klein, Georg and Murray, David},
  booktitle={Mixed and Augmented Reality, 2007. ISMAR 2007. 6th IEEE and ACM International Symposium on},
  pages={225--234},
  year={2007},
  organization={IEEE}
}

@inproceedings{Jensfelt06Framework,
  title={A framework for vision based bearing only 3D SLAM},
  author={Jensfelt, Patric and Kragic, Danica and Folkesson, John and Bjorkman, M},
  booktitle={Robotics and Automation, 2006. ICRA 2006. Proceedings 2006 IEEE International Conference on},
  pages={1944--1950},
  year={2006},
  organization={IEEE}
}

@inproceedings{Gil06Improving,
  title={Improving data association in vision-based SLAM},
  author={Gil, Arturo and Reinoso, Oscar and Mozos, O Martinez and Stachniss, Cyrill and Burgard, Wolfram},
  booktitle={Intelligent Robots and Systems, 2006 IEEE/RSJ International Conference on},
  pages={2076--2081},
  year={2006},
  organization={IEEE}
}

@inproceedings{Kosecka03Qualitative,
  title={Qualitative image based localization in indoors environments},
  author={Kosecka, Jana and Zhou, Liang and Barber, Philip and Duric, Zoran},
  booktitle={Computer Vision and Pattern Recognition, 2003. Proceedings. 2003 IEEE Computer Society Conference on},
  volume={2},
  pages={II--3},
  year={2003},
  organization={IEEE}
}

@inproceedings{Miro06Towards,
  title={Towards vision based navigation in large indoor environments},
  author={Miro, Jaime Valls and Zhou, Weizhen and Dissanayake, Gamini},
  booktitle={Intelligent Robots and Systems, 2006 IEEE/RSJ International Conference on},
  pages={2096--2102},
  year={2006},
  organization={IEEE}
}

@inproceedings{Owens13Shape,
  title={Shape anchors for data-driven multi-view reconstruction},
  author={Owens, Andrew and Xiao, Jianxiong and Torralba, Antonio and Freeman, William},
  booktitle={Computer Vision (ICCV), 2013 IEEE International Conference on},
  pages={33--40},
  year={2013},
  organization={IEEE}
}

@article{Lu04Survey,
  title={A survey of motion-parallax-based 3-D reconstruction algorithms},
  author={Lu, Ye and Zhang, Jason Z and Wu, QM Jonathan and Li, Ze-Nian},
  journal={Systems, Man, and Cybernetics, Part C: Applications and Reviews, IEEE Transactions on},
  volume={34},
  number={4},
  pages={532--548},
  year={2004},
  publisher={IEEE}
}

@inproceedings{Henry14Rgb,
  title={RGB-D mapping: Using depth cameras for dense 3D modeling of indoor environments},
  author={Henry, Peter and Krainin, Michael and Herbst, Evan and Ren, Xiaofeng and Fox, Dieter},
  booktitle={Experimental Robotics},
  pages={477--491},
  year={2014},
  organization={Springer}
}

@inproceedings{Xiao123d,
  title={3D point cloud registration based on planar surfaces},
  author={Xiao, Junhao and Adler, Benjamin and Zhang, Houxiang},
  booktitle={Multisensor Fusion and Integration for Intelligent Systems (MFI), 2012 IEEE Conference on},
  pages={40--45},
  year={2012},
  organization={IEEE}
}

@inproceedings{Szeliski95Direct,
  title={Direct methods for visual scene reconstruction},
  author={Szeliski, Richard and Kang, Sing Bing},
  booktitle={Representation of Visual Scenes, 1995.(In Conjuction with ICCV'95), Proceedings IEEE Workshop on},
  pages={26--33},
  year={1995},
  organization={IEEE}
}

@article{Foroosh02Extension,
  title={Extension of phase correlation to subpixel registration},
  author={Foroosh, Hassan and Zerubia, Josiane B and Berthod, Marc},
  journal={Image Processing, IEEE Transactions on},
  volume={11},
  pages={188--200},
  year={2002},
  publisher={IEEE}
}

@article{Ojansivu07Image,
  title={Image registration using blur-invariant phase correlation},
  author={Ojansivu, Ville and Heikkila, Janne},
  journal={Signal Processing Letters, IEEE},
  volume={14},
  number={7},
  pages={449--452},
  year={2007},
  publisher={IEEE}
}

@article{Bican093d,
  title={3D Rigid registration by cylindrical phase correlation method},
  author={Bican, Jakub and Flusser, Jan},
  journal={Pattern Recognition Letters},
  volume={30},
  number={10},
  pages={914--921},
  year={2009},
  publisher={Elsevier}
}

@inproceedings{Gonzalez11Improving,
  title={Improving Phase Correlation for Image Registration},
  author={Gonzalez, Ruben},
  booktitle={Image And Vision Computing New Zealand 2011 (IVCNZ2011)},
  year={2011},
  organization={http://ieeexplore. ieee. org/xpl/conhome. jsp? punumber= 1002602}
}

@article{Ogale05Motion,
  title={Motion segmentation using occlusions},
  author={Ogale, Abhijit S and Fermuller, Cornelia and Aloimonos, Yiannis},
  journal={Pattern Analysis and Machine Intelligence, IEEE Transactions on},
  volume={27},
  number={6},
  pages={988--992},
  year={2005},
  publisher={IEEE}
}

@article{Kang973D,
  title={3-D scene data recovery using omnidirectional multibaseline stereo},
  author={Kang, Sing Bing and Szeliski, Richard},
  journal={International Journal of Computer Vision},
  volume={25},
  number={2},
  pages={167--183},
  year={1997},
  publisher={Springer}
}

@incollection{Alba10Optical,
  title={Optical flow estimation with prior models obtained from phase correlation},
  author={Alba, Alfonso and Arce-Santana, Edgar and Rivera, Mariano},
  booktitle={Advances in Visual Computing},
  pages={417--426},
  year={2010},
  publisher={Springer}
}

@article{Hoge03Subspace,
  title={A subspace identification extension to the phase correlation method [MRI application]},
  author={Hoge, William Scott},
  journal={Medical Imaging, IEEE Transactions on},
  volume={22},
  number={2},
  pages={277--280},
  year={2003},
  publisher={IEEE}
}


@INPROCEEDINGS{Gonzalez13Registration, 
author={Gonzalez, R.}, 
booktitle={Image and Vision Computing New Zealand (IVCNZ), 2013 28th International Conference of}, 
title={Registration of sheared images using phase correlation}, 
year={2013}, 
month={Nov}, 
pages={477-482}, 
keywords={Hough transforms;affine transforms;image registration;Hough based technique;affine transformed image registration;image transformation parameter recovery;phase correlation;rotated images;sheared image registration;shifted images;similarity transforms;translated images;Correlation;Equations;Fourier transforms;Noise;Parameter estimation;Shearing;Affine;Fourier;Image Registration;Phase Correlation;Shearing}, 
doi={10.1109/IVCNZ.2013.6727061}, 
ISSN={2151-2191}}

@inproceedings{Gonzalez13Robust,
  title={Robust Ring Detection In Phase Correlation Surfaces},
  author={Gonzalez, Ruben},
  booktitle={Digital Image Computing: Techniques and Applications (DICTA), 2013 International Conference on},
  pages={1--5},
  year={2013},
  organization={IEEE}
}

@inproceedings{Barkowsky07Temporal,
  title={Temporal registration using 3D phase correlation and a maximum likelihood approach in the perceptual evaluation of video quality},
  author={Barkowsky, Marcus and Bialkowski, Jens and Bitto, Roland and Kaup, Andr{\'e}},
  booktitle={Multimedia Signal Processing, 2007. MMSP 2007. IEEE 9th Workshop on},
  pages={195--198},
  year={2007},
  organization={IEEE}
}

@inproceedings{Dai06Subframe,
  title={Subframe video synchronization via 3d phase correlation},
  author={Dai, Congxia and Zheng, Yunfei and Li, Xin},
  booktitle={Image Processing, 2006 IEEE International Conference on},
  pages={501--504},
  year={2006},
  organization={IEEE}
}

@article{Erturk03Digital,
  title={Digital image stabilization with sub-image phase correlation based global motion estimation},
  author={Erturk, S},
  journal={Consumer Electronics, IEEE Transactions on},
  volume={49},
  number={4},
  pages={1320--1325},
  year={2003},
  publisher={IEEE}
}

@inproceedings{Yan2008Robust2,
  title={Robust Phase Correlation based Motion Estimation and Its Applications.},
  author={Yan, Hongshi and Liu, Jian Guo},
  booktitle={BMVC},
  pages={1--10},
  year={2008}
}

@article{Yan08Robust,
  title={Robust Phase Correlation based feature matching for image co-registration and DEM generation},
  author={Yan, Hongshi and Liu, Jian Guo},
  journal={Remote Sens. Spatial Inf. Sci},
  volume={37},
  pages={1751--1756},
  year={2008},
  publisher={Citeseer}
}

@article{Reyes13Optical,
  title={Optical flow estimation using phase only-correlation},
  author={Reyes, Alejandro and Alba, Alfonso and Arce-Santana, Edgar R},
  journal={Procedia Technology},
  volume={7},
  pages={103--110},
  year={2013},
  publisher={Elsevier}
}

@inproceedings{Zhang08Recovering,
  title={Recovering consistent video depth maps via bundle optimization},
  author={Zhang, Guofeng and Jia, Jiaya and Wong, Tien-Tsin and Bao, Hujun},
  booktitle={Computer Vision and Pattern Recognition, 2008. CVPR 2008. IEEE Conference on},
  pages={1--8},
  year={2008},
  organization={IEEE}
}

@incollection{Steffen12Relative,
  title={Relative bundle adjustment based on trifocal constraints},
  author={Steffen, Richard and Frahm, Jan-Michael and F{\"o}rstner, Wolfgang},
  booktitle={Trends and Topics in Computer Vision},
  pages={282--295},
  year={2012},
  publisher={Springer}
}

@article{Snavely06Photo,
  title={Photo tourism: exploring photo collections in 3D},
  author={Snavely, Noah and Seitz, Steven M and Szeliski, Richard},
  journal={ACM transactions on graphics (TOG)},
  volume={25},
  number={3},
  pages={835--846},
  year={2006},
  publisher={ACM}
}

@inproceedings{Konolige10Sparse,
  title={Sparse Sparse Bundle Adjustment.},
  author={Konolige, Kurt and Garage, Willow},
  booktitle={BMVC},
  pages={1--11},
  year={2010},
  organization={Citeseer}
}

@article{Schneider13Incremental,
  title={Incremental real-time bundle adjustment for multi-camera systems with points at infinity},
  author={Schneider, Johannes and L{\"a}be, Thomas and F{\"o}rstner, Wolfgang},
  journal={ISPRS Archives of Photogrammetry, Remote Sensing and Spatial Information Sciences},
  volume={1},
  pages={W2},
  year={2013}
}

@INPROCEEDINGS{Delaunoy14Photometric, 
author={Delaunoy, A. and Pollefeys, M.}, 
booktitle={Computer Vision and Pattern Recognition (CVPR), 2014 IEEE Conference on}, 
title={Photometric Bundle Adjustment for Dense Multi-view 3D Modeling}, 
year={2014}, 
month={June}, 
pages={1486-1493}, 
keywords={gradient methods;image fusion;image reconstruction;image representation;solid modelling;stereo image processing;3D multiview image reconstruction;3D reconstruction pipelines;3D reconstruction quality;Bayesian vision;camera parameters;dense multiview 3D modeling;depth map fusion;evolution equations;gradient descent scheme;multiview stereo;photometric bundle adjustment;photometric reprojection error;shape representation;triangular mesh;Calibration;Cameras;Equations;Image reconstruction;Mathematical model;Shape;Three-dimensional displays;3D Modeling;Bundle Adjustment;Camera;Mesh;Multi-view Stereo;Surface Reconstruction}, 
doi={10.1109/CVPR.2014.193}}


@incollection{Choudhary12Practical,
  title={Practical time bundle adjustment for 3d reconstruction on the gpu},
  author={Choudhary, Siddharth and Gupta, Shubham and Narayanan, PJ},
  booktitle={Trends and Topics in Computer Vision},
  pages={423--435},
  year={2012},
  publisher={Springer}
}

@incollection{Triggs00Bundle,
  title={Bundle adjustment—a modern synthesis},
  author={Triggs, Bill and McLauchlan, Philip F and Hartley, Richard I and Fitzgibbon, Andrew W},
  booktitle={Vision algorithms: theory and practice},
  pages={298--372},
  year={2000},
  publisher={Springer}
}

@article{Jeong12Pushing,
  title={Pushing the envelope of modern methods for bundle adjustment},
  author={Jeong, Yekeun and Nister, David and Steedly, Drew and Szeliski, Richard and Kweon, In-So},
  journal={Pattern Analysis and Machine Intelligence, IEEE Transactions on},
  volume={34},
  number={8},
  pages={1605--1617},
  year={2012},
  publisher={IEEE}
}

@inproceedings{Beall11Bundle,
  title={Bundle adjustment in large-scale 3D reconstructions based on underwater robotic surveys},
  author={Beall, Chris and Dellaert, Frank and Mahon, Ian and Williams, Stefan B},
  booktitle={OCEANS, 2011 IEEE-Spain},
  pages={1--6},
  year={2011},
  organization={IEEE}
}

@incollection{Agarwal10Bundle,
  title={Bundle adjustment in the large},
  author={Agarwal, Sameer and Snavely, Noah and Seitz, Steven M and Szeliski, Richard},
  booktitle={Computer Vision--ECCV 2010},
  pages={29--42},
  year={2010},
  publisher={Springer}
}

@article{Lourakis09Sba,
  title={SBA: A software package for generic sparse bundle adjustment},
  author={Lourakis, Manolis IA and Argyros, Antonis A},
  journal={ACM Transactions on Mathematical Software (TOMS)},
  volume={36},
  number={1},
  pages={2},
  year={2009},
  publisher={ACM}
}


@inproceedings{Eudes10Fast,
  title={Fast odometry integration in local bundle adjustment-based visual slam},
  author={Eudes, Alexandre and Lhuillier, Maxime and Naudet-Collette, Sylvie and Dhome, Michel},
  booktitle={Pattern Recognition (ICPR), 2010 20th International Conference on},
  pages={290--293},
  year={2010},
  organization={IEEE}
}

@inproceedings{Bleyer09Temporally,
  title={Temporally consistent disparity maps from uncalibrated stereo videos},
  author={Bleyer, Michael and Gelautz, Margrit},
  booktitle={Image and Signal Processing and Analysis, 2009. ISPA 2009. Proceedings of 6th International Symposium on},
  pages={383--387},
  year={2009},
  organization={IEEE}
}

@incollection{Ranftl14Non,
  title={Non-local Total Generalized Variation for Optical Flow Estimation},
  author={Ranftl, Ren{\'e} and Bredies, Kristian and Pock, Thomas},
  booktitle={Computer Vision--ECCV 2014},
  pages={439--454},
  year={2014},
  publisher={Springer}
}

@inproceedings{Newcombe11Dtam,
  title={DTAM: Dense tracking and mapping in real-time},
  author={Newcombe, Richard A and Lovegrove, Steven J and Davison, Andrew J},
  booktitle={Computer Vision (ICCV), 2011 IEEE International Conference on},
  pages={2320--2327},
  year={2011},
  organization={IEEE}
}

@inproceedings{Newcombe10Live,
  title={Live dense reconstruction with a single moving camera},
  author={Newcombe, Richard A and Davison, Andrew J},
  booktitle={Computer Vision and Pattern Recognition (CVPR), 2010 IEEE Conference on},
  pages={1498--1505},
  year={2010},
  organization={IEEE}
}

@inproceedings{Vogel13Piecewise,
  title={Piecewise Rigid Scene Flow},
  author={Vogel, Christoph and Schindler, Konrad and Roth, Stefan},
  booktitle={Computer Vision (ICCV), 2013 IEEE International Conference on},
  pages={1377--1384},
  year={2013},
  organization={IEEE}
}

@incollection{Vogel14View,
  title={View-Consistent 3D Scene Flow Estimation over Multiple Frames},
  author={Vogel, Christoph and Roth, Stefan and Schindler, Konrad},
  booktitle={Computer Vision--ECCV 2014},
  pages={263--278},
  year={2014},
  publisher={Springer}
}

@incollection{Karsch12Depth,
  title={Depth extraction from video using non-parametric sampling},
  author={Karsch, Kevin and Liu, Ce and Kang, Sing Bing},
  booktitle={Computer Vision--ECCV 2012},
  pages={775--788},
  year={2012},
  publisher={Springer}
}

@inproceedings{Weinzaepfel13Deepflow,
  title={DeepFlow: Large displacement optical flow with deep matching},
  author={Weinzaepfel, Philippe and Revaud, Jerome and Harchaoui, Zaid and Schmid, Cordelia},
  booktitle={Computer Vision (ICCV), 2013 IEEE International Conference on},
  pages={1385--1392},
  year={2013},
  organization={IEEE}
}

@incollection{Vogel13Evaluation,
  title={An evaluation of data costs for optical flow},
  author={Vogel, Christoph and Roth, Stefan and Schindler, Konrad},
  booktitle={Pattern Recognition},
  pages={343--353},
  year={2013},
  publisher={Springer}
}

@inproceedings{Liu14Steadyflow,
  title={SteadyFlow: Spatially Smooth Optical Flow for Video Stabilization},
  author={Liu, Shuaicheng and Yuan, Lu and Tan, Ping and Sun, Jian},
  booktitle={Computer Vision and Pattern Recognition (CVPR), 2014 IEEE Conference on},
  pages={4209--4216},
  year={2014},
  organization={IEEE}
}

@incollection{Rashwan13Illumination,
  title={Illumination robust optical flow model based on histogram of oriented gradients},
  author={Rashwan, Hatem A and Mohamed, Mahmoud A and Garc{\'\i}a, Miguel Angel and Mertsching, B{\"a}rbel and Puig, Domenec},
  booktitle={Pattern Recognition},
  pages={354--363},
  year={2013},
  publisher={Springer}
}

@inproceedings{Braux13General,
  title={A General Dense Image Matching Framework Combining Direct and Feature-Based Costs},
  author={Braux-Zin, Jim and Dupont, Romain and Bartoli, Adrien},
  booktitle={Computer Vision (ICCV), 2013 IEEE International Conference on},
  pages={185--192},
  year={2013},
  organization={IEEE}
}

@article{Baker11Database,
  title={A database and evaluation methodology for optical flow},
  author={Baker, Simon and Scharstein, Daniel and Lewis, JP and Roth, Stefan and Black, Michael J and Szeliski, Richard},
  journal={International Journal of Computer Vision},
  volume={92},
  number={1},
  pages={1--31},
  year={2011},
  publisher={Springer}
}

@article{Alvarez07Symmetrical,
  title={Symmetrical dense optical flow estimation with occlusions detection},
  author={Alvarez, Luis and Deriche, Rachid and Papadopoulo, Th{\'e}o and S{\'a}nchez, Javier},
  journal={International Journal of Computer Vision},
  volume={75},
  number={3},
  pages={371--385},
  year={2007},
  publisher={Springer}
}

@inproceedings{Zhang11Visual,
  title={Visual pertinent 2D-to-3D video conversion by multi-cue fusion},
  author={Zhang, Zhebin and Wang, Yizhou and Jiang, Tingting and Gao, Wen},
  booktitle={Image Processing (ICIP), 2011 18th IEEE International Conference on},
  pages={909--912},
  year={2011},
  organization={IEEE}
}

@article{Mohamed14Illumination, 
author={Mohamed, M.A. and Rashwan, H.A. and Mertsching, B. and Garcia, M.A. and Puig, D.}, 
journal={Circuits and Systems for Video Technology, IEEE Transactions on}, 
title={Illumination-Robust Optical Flow Using a Local Directional Pattern}, 
year={2014}, 
month={Sept}, 
volume={24}, 
number={9}, 
pages={1499-1508}, 
keywords={feature extraction;image sequences;image texture;KITTI data sets;MPI-sintel data sets;Midleburry data sets;brightness constancy assumption;brightness constancy constraint;color similarity;consecutive frames;data term;duality total variational optical flow algorithm;gradient constancy assumption;high-order constancy assumptions;illumination-robust constancy;illumination-robust optical flow;lighting;local directional pattern descriptor;optimization energy function;optimization process;pixel occlusion state;robust texture descriptor;similarity function;texture feature extraction;variational optical flow methods;weighted nonlocal term;Brightness;Feature extraction;Lighting;Optical imaging;Optical sensors;Robustness;Transforms;Features descriptors;local directional pattern (LDP);optical flow;similarity measure;total variation;weighted nonlocal term}, 
doi={10.1109/TCSVT.2014.2308628}, 
ISSN={1051-8215}
}

@inproceedings{Kitt10Block,
  title={Block-matching based optical flow estimation with reduced search space based on geometric constraints},
  author={Kitt, Bernd and Ranft, Benjamin and Lategahn, Henning},
  booktitle={Intelligent Transportation Systems (ITSC), 2010 13th International IEEE Conference on},
  pages={1104--1109},
  year={2010},
  organization={IEEE}
}

@article{Cheng13Merging,
  title={Merging Static and Dynamic Depth Cues with Optical-Flow Recovery for Creating Stereo Videos},
  author={Cheng, Fang-Hsuan and Sung, Tze-Yun},
  journal={Mathematical Problems in Engineering},
  volume={2013},
  year={2013},
  publisher={Hindawi Publishing Corporation}
}

@incollection{Wedel09Improved,
  title={An improved algorithm for TV-L 1 optical flow},
  author={Wedel, Andreas and Pock, Thomas and Zach, Christopher and Bischof, Horst and Cremers, Daniel},
  booktitle={Statistical and Geometrical Approaches to Visual Motion Analysis},
  pages={23--45},
  year={2009},
  publisher={Springer}
}

@inproceedings{Pan13Weighted,
  title={A Weighted Color MRF Model for 3D Reconstruction from a Single Image},
  author={Pan, Yunpeng and Zhou, Mingquan and Fan, Yachun and Zhang, Dongdong and Zheng, Xia},
  booktitle={Virtual Reality and Visualization (ICVRV), 2013 International Conference on},
  pages={21--28},
  year={2013},
  organization={IEEE}
}

@inproceedings{Su13Depth,
  title={Depth estimation from monocular color images using natural scene statistics models},
  author={Su, Che-Chun and Cormack, Lawrence K and Bovik, Alan C},
  booktitle={IVMSP Workshop, 2013 IEEE 11th},
  pages={1--4},
  year={2013},
  organization={IEEE}
}

@article{Konrad13Learning,
  title={Learning-Based, Automatic 2D-to-3D Image and Video Conversion},
  author={Konrad, Janusz and Wang, Meng and Ishwar, Prakash and Wu, Chen and Mukherjee, Debargha},
  journal={Image Processing, IEEE Transactions on},
  volume={22},
  number={9},
  pages={3485--3496},
  year={2013},
  publisher={IEEE}
}

@inproceedings{Park11Learning,
  title={Learning to produce 3D media from a captured 2D video},
  author={Park, Minwoo and Luo, Jiebo and Gallagher, Andrew and Rabbani, Majid},
  booktitle={Proceedings of the 19th ACM international conference on Multimedia},
  pages={1557--1560},
  year={2011},
  organization={ACM}
}

@inproceedings{Hassner06Example,
  title={Example based 3D reconstruction from single 2D images},
  author={Hassner, Tal and Basri, Ronen},
  booktitle={Computer Vision and Pattern Recognition Workshop, 2006. CVPRW'06. Conference on},
  pages={15--15},
  year={2006},
  organization={IEEE}
}

@inproceedings{Konrad122d,
  title={2d-to-3d image conversion by learning depth from examples},
  author={Konrad, Janusz and Wang, Meng and Ishwar, Prakash},
  booktitle={Computer Vision and Pattern Recognition Workshops (CVPRW), 2012 IEEE Computer Society Conference on},
  pages={16--22},
  year={2012},
  organization={IEEE}
}

@incollection{Sun10Depth,
  title={Depth-encoded hough voting for joint object detection and shape recovery},
  author={Sun, Min and Bradski, Gary and Xu, Bing-Xin and Savarese, Silvio},
  booktitle={Computer Vision--ECCV 2010},
  pages={658--671},
  year={2010},
  publisher={Springer}
}

@inproceedings{Sun11Toward,
  title={Toward automatic 3D generic object modeling from one single image},
  author={Sun, Min and Kumar, Shyam Sunder and Bradski, Gary and Savarese, Silvio},
  booktitle={3D Imaging, Modeling, Processing, Visualization and Transmission (3DIMPVT), 2011 International Conference on},
  pages={9--16},
  year={2011},
  organization={IEEE}
}

@article{Cao11Semi,
  title={Semi-automatic 2d-to-3d conversion using disparity propagation},
  author={Cao, Xun and Li, Zheng and Dai, Qionghai},
  journal={Broadcasting, IEEE Transactions on},
  volume={57},
  number={2},
  pages={491--499},
  year={2011},
  publisher={IEEE}
}

@inproceedings{Delage06Dynamic,
  title={A dynamic bayesian network model for autonomous 3d reconstruction from a single indoor image},
  author={Delage, Erick and Lee, Honglak and Ng, Andrew Y},
  booktitle={Computer Vision and Pattern Recognition, 2006 IEEE Computer Society Conference on},
  volume={2},
  pages={2418--2428},
  year={2006},
  organization={IEEE}
}

@article{Scharstein02Taxonomy,
  title={A taxonomy and evaluation of dense two-frame stereo correspondence algorithms},
  author={Scharstein, Daniel and Szeliski, Richard},
  journal={International journal of computer vision},
  volume={47},
  number={1-3},
  pages={7--42},
  year={2002},
  publisher={Springer}
}

@inproceedings{Sun05Symmetric,
  title={Symmetric stereo matching for occlusion handling},
  author={Sun, Jian and Li, Yin and Kang, Sing Bing and Shum, Heung-Yeung},
  booktitle={Computer Vision and Pattern Recognition, 2005. CVPR 2005. IEEE Computer Society Conference on},
  volume={2},
  pages={399--406},
  year={2005},
  organization={IEEE}
}

@incollection{Zhu12Locally,
  title={A locally linear regression model for boundary preserving regularization in stereo matching},
  author={Zhu, Shengqi and Zhang, Li and Jin, Hailin},
  booktitle={Computer Vision--ECCV 2012},
  pages={101--115},
  year={2012},
  publisher={Springer}
}

@inproceedings{Klaus06Segment,
  title={Segment-based stereo matching using belief propagation and a self-adapting dissimilarity measure},
  author={Klaus, Andreas and Sormann, Mario and Karner, Konrad},
  booktitle={Pattern Recognition, 2006. ICPR 2006. 18th International Conference on},
  volume={3},
  pages={15--18},
  year={2006},
  organization={IEEE}
}


@inproceedings{Bleyer11Object,
  title={Object stereo—joint stereo matching and object segmentation},
  author={Bleyer, Michael and Rother, Carsten and Kohli, Pushmeet and Scharstein, Daniel and Sinha, Sudipta},
  booktitle={Computer Vision and Pattern Recognition (CVPR), 2011 IEEE Conference on},
  pages={3081--3088},
  year={2011},
  organization={IEEE}
}

@inproceedings{Bleyer10Surface,
  title={Surface stereo with soft segmentation},
  author={Bleyer, Michael and Rother, Carsten and Kohli, Pushmeet},
  booktitle={Computer Vision and Pattern Recognition (CVPR), 2010 IEEE Conference on},
  pages={1570--1577},
  year={2010},
  organization={IEEE}
}

@inproceedings{Bleyer09Stereo,
  title={A stereo approach that handles the matting problem via image warping},
  author={Bleyer, Michael and Gelautz, Margrit and Rother, Carsten and Rhemann, Christoph},
  booktitle={Computer Vision and Pattern Recognition, 2009. CVPR 2009. IEEE Conference on},
  pages={501--508},
  year={2009},
  organization={IEEE}
}

@inproceedings{Bleyer11Patchmatch,
  title={PatchMatch Stereo-Stereo Matching with Slanted Support Windows.},
  author={Bleyer, Michael and Rhemann, Christoph and Rother, Carsten},
  booktitle={BMVC},
  volume={11},
  pages={1--11},
  year={2011}
}

@incollection{Ernst08Mutual,
  title={Mutual information based semi-global stereo matching on the GPU},
  author={Ernst, Ines and Hirschm{\"u}ller, Heiko},
  booktitle={Advances in Visual Computing},
  pages={228--239},
  year={2008},
  publisher={Springer}
}

@inproceedings{Mei13Segment,
  title={Segment-Tree based Cost Aggregation for Stereo Matching},
  author={Mei, Xing and Sun, Xun and Dong, Weiming and Wang, Haitao and Zhang, Xiaopeng},
  booktitle={Computer Vision and Pattern Recognition (CVPR), 2013 IEEE Conference on},
  pages={313--320},
  year={2013},
  organization={IEEE}
}

@inproceedings{Lu13Patch,
  title={Patch match filter: Efficient edge-aware filtering meets randomized search for fast correspondence field estimation},
  author={Lu, Jiangbo and Yang, Hongsheng and Min, Dongbo and Do, Minh N},
  booktitle={Computer Vision and Pattern Recognition (CVPR), 2013 IEEE Conference on},
  pages={1854--1861},
  year={2013},
  organization={IEEE}
}

@inproceedings{Chen13Novel,
title= {A Novel Trilateral Filter based Adaptive Support Weight 
    Method for Stereo Matching},
  author  = {Dongming Chen and Mohsen Ardabilian and Liming Chen},
  year  = {2013},
  booktitle  = {British Machine Vision Conference (BMVC)},
}


@article{Darabiha06Reconfigurable,
  title={Reconfigurable hardware implementation of a phase-correlation stereoalgorithm},
  author={Darabiha, Ahmad and MacLean, W James and Rose, Jonathan},
  journal={Machine Vision and Applications},
  volume={17},
  number={2},
  pages={116--132},
  year={2006},
  publisher={Springer}
}

@inproceedings{Wang08Region,
  title={A region based stereo matching algorithm using cooperative optimization},
  author={Wang, Zeng-Fu and Zheng, Zhi-Gang},
  booktitle={Computer Vision and Pattern Recognition, 2008. CVPR 2008. IEEE Conference on},
  pages={1--8},
  year={2008},
  organization={IEEE}
}

@article{Liu143d,
  title={3D entity-based stereo matching with ground control points and joint second-order smoothness prior},
  author={Liu, Jing and Li, Chunpeng and Mei, Feng and Wang, Zhaoqi},
  journal={The Visual Computer},
  pages={1--17},
  year={2014},
  publisher={Springer}
}


@inproceedings{Sarkis07Fast,
  title={Fast adaptive graph-cuts based stereo matching},
  author={Sarkis, Michel and D{\"o}rfler, Nikolas and Diepold, Klaus},
  booktitle={Advanced Concepts for Intelligent Vision Systems},
  pages={818--827},
  year={2007},
  organization={Springer}
}


@incollection{Tan14Soft,
  title={Soft Cost Aggregation with Multi-resolution Fusion},
  author={Tan, Xiao and Sun, Changming and Wang, Dadong and Guo, Yi and Pham, Tuan D},
  booktitle={Computer Vision--ECCV 2014},
  pages={17--32},
  year={2014},
  publisher={Springer}
}

@inproceedings{Mei11Building,
  title={On building an accurate stereo matching system on graphics hardware},
  author={Mei, Xing and Sun, Xun and Zhou, Mingcai and Wang, Haitao and Zhang, Xiaopeng and others},
  booktitle={Computer Vision Workshops (ICCV Workshops), 2011 IEEE International Conference on},
  pages={467--474},
  year={2011},
  organization={IEEE}
}


@article{Yang14Pattern, 
author={Yang, Q.}, 
journal={Pattern Analysis and Machine Intelligence, IEEE Transactions on}, 
title={Stereo Matching Using Tree Filtering}, 
year={2014}, 
month={}, 
volume={PP}, 
number={99}, 
pages={1-1}, 
doi={10.1109/TPAMI.2014.2353642}, 
ISSN={0162-8828}
}

@article{Vu14Efficient, 
author={Vu, D.T. and Chidester, B. and Hongsheng Yang and Do, M.N. and Jiangbo Lu}, 
journal={Image Processing, IEEE Transactions on}, 
title={Efficient Hybrid Tree-Based Stereo Matching With Applications to Postcapture Image Refocusing}, 
year={2014}, 
month={Aug}, 
volume={23}, 
number={8}, 
pages={3428-3442}, 
keywords={aggregation;computer vision;image texture;lenses;rendering (computer graphics);stereo image processing;touch sensitive screens;trees (mathematics);Middlebury stereo benchmark;Scribble2focus;camera-specific parameters;computational efficiency;computer vision;dense correspondence;depth information;estimation quality;expressive depth-induced photo effects;fine depth discontinuities;hybrid minimum spanning tree;interactive depth-of-field rendering;large textureless regions;nonlocal aggregation;nonlocal cost aggregation;pixel-adapted Gaussian blurring;postcapture image refocusing;real-life conditions;stereo matching;stereoscopic images;synthetic depth-of-field rendering;thin-lens model;touch screen;user-stroke placement;weakly textured regions;Cameras;Estimation;Image color analysis;Image edge detection;Image segmentation;Stereo image processing;Stereo matching;cost aggregation;depth estimation;depth of field;post-capture refocusing}, 
doi={10.1109/TIP.2014.2329389}, 
ISSN={1057-7149},}


@article{Lee13Local, 
author={Zucheul Lee and Juang, J. and Nguyen, T.Q.}, 
journal={Multimedia, IEEE Transactions on}, 
title={Local Disparity Estimation With Three-Moded Cross Census and Advanced Support Weight}, 
year={2013}, 
month={Dec}, 
volume={15}, 
number={8}, 
pages={1855-1864}, 
keywords={computational complexity;image matching;image motion analysis;image sequences;reliability;stereo image processing;transforms;video signal processing;Middlebury stereo benchmark test;advanced support weight;aggregation reliability;computation complexity;depth map;disparity map;image noise robustness;local disparity estimation;motion flow;motion information;noise buffer;one-pass local method;similarity measure;spatial temporal consistency;stereo images;stereo matching;support window;three-moded cross census transform;video disparity estimation;video scene;Census transform;disparity estimation;motion flow;spatial temporal consistency}, 
doi={10.1109/TMM.2013.2270456}, 
ISSN={1520-9210}
}


@inproceedings{Mizukami12Sub,
  title={Sub-pixel disparity search for binocular stereo vision},
  author={Mizukami, Yoshiki and Okada, Koichi and Nomura, Atsushi and Nakanishi, Shinya and Tadamura, Katsumi},
  booktitle={Pattern Recognition (ICPR), 2012 21st International Conference on},
  pages={364--367},
  year={2012},
  organization={IEEE}
}


@inproceedings{De11Linear,
  title={Linear stereo matching},
  author={De-Maeztu, Leonardo and Mattoccia, Stefano and Villanueva, Arantxa and Cabeza, Rafael},
  booktitle={Computer Vision (ICCV), 2011 IEEE International Conference on},
  pages={1708--1715},
  year={2011},
  organization={IEEE}
}


@inproceedings{Yang07Spatial,
  title={Spatial-depth super resolution for range images},
  author={Yang, Qingxiong and Yang, Ruigang and Davis, James and Nist{\'e}r, David},
  booktitle={Computer Vision and Pattern Recognition, 2007. CVPR'07. IEEE Conference on},
  pages={1--8},
  year={2007},
  organization={IEEE}
}


@inproceedings{Klaus06Segment,
  title={Segment-based stereo matching using belief propagation and a self-adapting dissimilarity measure},
  author={Klaus, Andreas and Sormann, Mario and Karner, Konrad},
  booktitle={Pattern Recognition, 2006. ICPR 2006. 18th International Conference on},
  volume={3},
  pages={15--18},
  year={2006},
  organization={IEEE}
}

@inproceedings{Lu11Revisit,
  title={A revisit to MRF-based depth map super-resolution and enhancement},
  author={Lu, Jiangbo and Min, Dongbo and Pahwa, Ramanpreet Singh and Do, Minh N},
  booktitle={Acoustics, Speech and Signal Processing (ICASSP), 2011 IEEE International Conference on},
  pages={985--988},
  year={2011},
  organization={IEEE}
}


@article{Tan14Stereo,
  title={Stereo matching using cost volume watershed and region merging},
  author={Tan, Xiao and Sun, Changming and Sirault, Xavier and Furbank, Robert and Pham, Tuan D},
  journal={Signal Processing: Image Communication},
  year={2014},
  publisher={Elsevier}
}

@inproceedings{Harris88Combined,
  title={A combined corner and edge detector.},
  author={Harris, Chris and Stephens, Mike},
  booktitle={Alvey vision conference},
  volume={15},
  pages={50},
  year={1988},
  organization={Manchester, UK}
}


@inproceedings{Mikolajczyk01Indexing,
  title={Indexing based on scale invariant interest points},
  author={Mikolajczyk, Krystian and Schmid, Cordelia},
  booktitle={Computer Vision, 2001. ICCV 2001. Proceedings. Eighth IEEE International Conference on},
  volume={1},
  pages={525--531},
  year={2001},
  organization={IEEE}
}


@incollection{Smith92New,
  title={A new class of corner finder},
  author={Smith, Stephen},
  booktitle={BMVC92},
  pages={139--148},
  year={1992},
  publisher={Springer}
}

@article{Matas04Robust,
  title={Robust wide-baseline stereo from maximally stable extremal regions},
  author={Matas, Jiri and Chum, Ondrej and Urban, Martin and Pajdla, Tom{\'a}s},
  journal={Image and vision computing},
  volume={22},
  number={10},
  pages={761--767},
  year={2004},
  publisher={Elsevier}
}

@article{Mikolajczyk05Performance,
  title={A performance evaluation of local descriptors},
  author={Mikolajczyk, Krystian and Schmid, Cordelia},
  journal={Pattern Analysis and Machine Intelligence, IEEE Transactions on},
  volume={27},
  number={10},
  pages={1615--1630},
  year={2005},
  publisher={IEEE}
}


@inproceedings{Schaffalitzky01Viewpoint,
  title={Viewpoint invariant texture matching and wide baseline stereo},
  author={Schaffalitzky, Frederik and Zisserman, Andrew},
  booktitle={Computer Vision, 2001. ICCV 2001. Proceedings. Eighth IEEE International Conference on},
  volume={2},
  pages={636--643},
  year={2001},
  organization={IEEE}
}



@article{Carson02Blobworld,
  title={Blobworld: Image segmentation using expectation-maximization and its application to image querying},
  author={Carson, Chad and Belongie, Serge and Greenspan, Hayit and Malik, Jitendra},
  journal={Pattern Analysis and Machine Intelligence, IEEE Transactions on},
  volume={24},
  number={8},
  pages={1026--1038},
  year={2002},
  publisher={IEEE}
}

@incollection{Carbonetto04Statistical,
  title={A statistical model for general contextual object recognition},
  author={Carbonetto, Peter and de Freitas, Nando and Barnard, Kobus},
  booktitle={Computer Vision-ECCV 2004},
  pages={350--362},
  year={2004},
  publisher={Springer}
}


@article{Smith97Susan,
  title={SUSAN—a new approach to low level image processing},
  author={Smith, Stephen M and Brady, J Michael},
  journal={International journal of computer vision},
  volume={23},
  number={1},
  pages={45--78},
  year={1997},
  publisher={Springer}
}


@article{Lepetit06Keypoint,
  title={Keypoint recognition using randomized trees},
  author={Lepetit, Vincent and Fua, Pascal},
  journal={Pattern Analysis and Machine Intelligence, IEEE Transactions on},
  volume={28},
  number={9},
  pages={1465--1479},
  year={2006},
  publisher={IEEE}
}

@article{Trajkovic98Fast,
  title={Fast corner detection},
  author={Trajkovi{\'c}, Miroslav and Hedley, Mark},
  journal={Image and vision computing},
  volume={16},
  number={2},
  pages={75--87},
  year={1998},
  publisher={Elsevier}
}

@inproceedings{Rosten05Fusing,
  title={Fusing points and lines for high performance tracking},
  author={Rosten, Edward and Drummond, Tom},
  booktitle={Computer Vision, 2005. ICCV 2005. Tenth IEEE International Conference on},
  volume={2},
  pages={1508--1515},
  year={2005},
  organization={IEEE}
}

@incollection{Rosten06Machine,
  title={Machine learning for high-speed corner detection},
  author={Rosten, Edward and Drummond, Tom},
  booktitle={Computer Vision--ECCV 2006},
  pages={430--443},
  year={2006},
  publisher={Springer}
}

@article{Sebe03Evaluation,
  title={Evaluation of salient point techniques},
  author={Sebe, Nicu and Tian, Qi and Loupias, Etienne and Lew, Michael S and Huang, Thomas S},
  journal={Image and Vision Computing},
  volume={21},
  number={13},
  pages={1087--1095},
  year={2003},
  publisher={Elsevier}
}


@inproceedings{Walker98Locating,
  title={Locating Salient Object Features.},
  author={Walker, Kevin N and Cootes, Timothy F and Taylor, Christopher J},
  booktitle={BMVC},
  volume={98},
  pages={557--566},
  year={1998},
  organization={Citeseer}
}


@incollection{Kadir04Affine,
  title={An affine invariant salient region detector},
  author={Kadir, Timor and Zisserman, Andrew and Brady, Michael},
  booktitle={Computer Vision-ECCV 2004},
  pages={228--241},
  year={2004},
  publisher={Springer}
}


@article{Itti01Computational,
  title={Computational modelling of visual attention},
  author={Itti, Laurent and Koch, Christof},
  journal={Nature reviews neuroscience},
  volume={2},
  number={3},
  pages={194--203},
  year={2001},
  publisher={Nature Publishing Group}
}


@inproceedings{Tuytelaars00Wide,
  title={Wide Baseline Stereo Matching based on Local, Affinely Invariant Regions.},
  author={Tuytelaars, Tinne and Van Gool, Luc J},
  booktitle={BMVC},
  volume={412},
  year={2000}
}


@inproceedings{Boykov01Interactive,
  title={Interactive graph cuts for optimal boundary \& region segmentation of objects in ND images},
  author={Boykov, Yuri Y and Jolly, M-P},
  booktitle={Computer Vision, 2001. ICCV 2001. Proceedings. Eighth IEEE International Conference on},
  volume={1},
  pages={105--112},
  year={2001},
  organization={IEEE}
}


@article{Cabani07Implementation,
  title={Implementation of an affine-covariant feature detector in field-programmable gate arrays},
  author={Cabani C,MacLean W. J.},
  journal={Proceedings of the International Conference on Computer Vision Systems},
  year={2007}
}

@article{Lowe04Distinctive,
  title={Distinctive image features from scale-invariant keypoints},
  author={Lowe, David G},
  journal={International journal of computer vision},
  volume={60},
  number={2},
  pages={91--110},
  year={2004},
  publisher={Springer}
}

@inproceedings{Wu13Towards,
  title={Towards linear-time incremental structure from motion},
  author={Wu, Changchang},
  booktitle={3DTV-Conference, 2013 International Conference on},
  pages={127--134},
  year={2013},
  organization={IEEE}
}

@inproceedings{Merrell07Real,
  title={Real-time visibility-based fusion of depth maps},
  author={Merrell, Paul and Akbarzadeh, Amir and Wang, Liang and Mordohai, Philippos and Frahm, J-M and Yang, Ruigang and Nist{\'e}r, David and Pollefeys, Marc},
  booktitle={Computer Vision, 2007. ICCV 2007. IEEE 11th International Conference on},
  pages={1--8},
  year={2007},
  organization={IEEE}
}

@inproceedings{Pradeep13Monofusion,
  title={MonoFusion: Real-time 3D reconstruction of small scenes with a single web camera},
  author={Pradeep, Vivek and Rhemann, Christoph and Izadi, Shahram and Zach, Christopher and Bleyer, Michael and Bathiche, Steven},
  booktitle={Mixed and Augmented Reality (ISMAR), 2013 IEEE International Symposium on},
  pages={83--88},
  year={2013},
  organization={IEEE}
}

@inproceedings{Sarvaiya09Image,
  title={Image registration using log-polar transform and phase correlation},
  author={Sarvaiya, Jignesh N and Patnaik, Suprava and Bombaywala, Salman},
  booktitle={TENCON 2009-2009 IEEE Region 10 Conference},
  pages={1--5},
  year={2009},
  organization={IEEE}
}

@inproceedings{Strasdat10Scale,
  title={Scale Drift-Aware Large Scale Monocular SLAM.},
  author={Strasdat, Hauke and Montiel, JMM and Davison, Andrew J},
  booktitle={Robotics: Science and Systems},
  volume={2},
  number={3},
  pages={5},
  year={2010}
}

@techreport{Rother083d,
  title={3d reconstruction from a single image},
  author={Rother, Diego and Sapiro, Guillermo},
  year={2008},
  institution={DTIC Document}
}

@inproceedings{Wang08Region,
  title={A region based stereo matching algorithm using cooperative optimization},
  author={Wang, Zeng-Fu and Zheng, Zhi-Gang},
  booktitle={Computer Vision and Pattern Recognition, 2008. CVPR 2008. IEEE Conference on},
  pages={1--8},
  year={2008},
  organization={IEEE}
}

@inproceedings{Saxena07Depth,
  title={Depth Estimation Using Monocular and Stereo Cues.},
  author={Saxena, Ashutosh and Schulte, Jamie and Ng, Andrew Y},
  booktitle={IJCAI},
  volume={7},
  year={2007}
}

@article{Ullman83Maximizing,
  title={Maximizing rigidity: the incremental recovery of 3-D structure from rigid and rubbery motion},
  author={Ullman, Shimon},
  year={1983}
}

@inproceedings{Liu10Single,
  title={Single image depth estimation from predicted semantic labels},
  author={Liu, Beyang and Gould, Stephen and Koller, Daphne},
  booktitle={Computer Vision and Pattern Recognition (CVPR), 2010 IEEE Conference on},
  pages={1253--1260},
  year={2010},
  organization={IEEE}
}

@article{Silveira08Efficient,
  title={An efficient direct approach to visual SLAM},
  author={Silveira, Geraldo and Malis, Ezio and Rives, Patrick},
  journal={Robotics, IEEE Transactions on},
  volume={24},
  number={5},
  pages={969--979},
  year={2008},
  publisher={IEEE}
}

@inproceedings{Salti08Real,
  title={Real-time 3d arm pose estimation from monocular video for enhanced HCI},
  author={Salti, Samuele and Schreer, Oliver and Di Stefano, Luigi},
  booktitle={Proceedings of the 1st ACM workshop on Vision networks for behavior analysis},
  pages={1--8},
  year={2008},
  organization={ACM}
}

@article{Onofri14Multiple,
  title={Multiple subsequence combination in human action recognition},
  author={Onofri, Leonardo and Soda, Paolo and Iannello, Giulio},
  journal={IET Computer Vision},
  volume={8},
  number={1},
  pages={26--34},
  year={2014},
  publisher={IET}
}

@article{Saxena09Make3d,
  title={Make3d: Learning 3d scene structure from a single still image},
  author={Saxena, Ashutosh and Sun, Min and Ng, Andrew Y},
  journal={Pattern Analysis and Machine Intelligence, IEEE Transactions on},
  volume={31},
  number={5},
  pages={824--840},
  year={2009},
  publisher={IEEE}
}

@inproceedings{Saxena05Learning,
  title={Learning depth from single monocular images},
  author={Saxena, Ashutosh and Chung, Sung H and Ng, Andrew Y},
  booktitle={Advances in Neural Information Processing Systems},
  pages={1161--1168},
  year={2005}
}

@article{Saxena083d,
  title={3-d depth reconstruction from a single still image},
  author={Saxena, Ashutosh and Chung, Sung H and Ng, Andrew Y},
  journal={International Journal of Computer Vision},
  volume={76},
  number={1},
  pages={53--69},
  year={2008},
  publisher={Springer}
}

@inproceedings{Mei09Constant,
  title={A Constant-Time Efficient Stereo SLAM System.},
  author={Mei, Christopher and Sibley, Gabe and Cummins, Mark and Newman, Paul M and Reid, Ian D},
  booktitle={BMVC},
  pages={1--11},
  year={2009}
}

@article{Mei11Rslam,
  title={RSLAM: A system for large-scale mapping in constant-time using stereo},
  author={Mei, Christopher and Sibley, Gabe and Cummins, Mark and Newman, Paul and Reid, Ian},
  journal={International journal of computer vision},
  volume={94},
  number={2},
  pages={198--214},
  year={2011},
  publisher={Springer}
}

@article{Konolige10View,
  title={View-based maps},
  author={Konolige, Kurt and Bowman, James and Chen, JD and Mihelich, Patrick and Calonder, Michael and Lepetit, Vincent and Fua, Pascal},
  journal={The International Journal of Robotics Research},
  year={2010},
  publisher={SAGE Publications}
}

@article{Konolige08Frameslam,
  title={FrameSLAM: From bundle adjustment to real-time visual mapping},
  author={Konolige, Kurt and Agrawal, Motilal},
  journal={Robotics, IEEE Transactions on},
  volume={24},
  number={5},
  pages={1066--1077},
  year={2008},
  publisher={IEEE}
}

@inproceedings{Rublee11Orb,
  title={ORB: an efficient alternative to SIFT or SURF},
  author={Rublee, Ethan and Rabaud, Vincent and Konolige, Kurt and Bradski, Gary},
  booktitle={Computer Vision (ICCV), 2011 IEEE International Conference on},
  pages={2564--2571},
  year={2011},
  organization={IEEE}
}

@article{Marr80Theory,
  title={Theory of edge detection},
  author={Marr, David and Hildreth, Ellen},
  journal={Proceedings of the Royal Society of London. Series B. Biological Sciences},
  volume={207},
  number={1167},
  pages={187--217},
  year={1980},
  publisher={The Royal Society}
}

@inproceedings{Lowe99Object,
  title={Object recognition from local scale-invariant features},
  author={Lowe, David G},
  booktitle={Computer vision, 1999. The proceedings of the seventh IEEE international conference on},
  volume={2},
  pages={1150--1157},
  year={1999},
  organization={Ieee}
}

@article{Nister05Preemptive,
  title={Preemptive RANSAC for live structure and motion estimation},
  author={Nist{\'e}r, David},
  journal={Machine Vision and Applications},
  volume={16},
  number={5},
  pages={321--329},
  year={2005},
  publisher={Springer}
}

@incollection{Quesada113d,
  title={3D markerless motion tracking in real-time using a single camera},
  author={Quesada, Luis and Le{\'o}n, Alejandro},
  booktitle={Intelligent Data Engineering and Automated Learning-IDEAL 2011},
  pages={186--193},
  year={2011},
  publisher={Springer}
}

@inproceedings{Chekhlov07Robust,
  title={Robust real-time visual slam using scale prediction and exemplar based feature description},
  author={Chekhlov, Denis and Pupilli, Mark and Mayol, Walterio and Calway, Andrew},
  booktitle={Computer Vision and Pattern Recognition, 2007. CVPR'07. IEEE Conference on},
  pages={1--7},
  year={2007},
  organization={IEEE}
}

@incollection{Mozos07Interest,
  title={Interest point detectors for visual slam},
  author={Mozos, {\'O}scar Mart{\'\i}nez and Gil, Arturo and Ballesta, Monica and Reinoso, Oscar},
  booktitle={Current Topics in Artificial Intelligence},
  pages={170--179},
  year={2007},
  publisher={Springer}
}

@article{Okada08Single,
  title={A single camera motion capture system for human-computer interaction},
  author={Okada, Ryuzo and Stenger, Bjorn},
  journal={IEICE TRANSACTIONS on Information and Systems},
  volume={91},
  number={7},
  pages={1855--1862},
  year={2008},
  publisher={The Institute of Electronics, Information and Communication Engineers}
}

@inproceedings{Leelasawassuk133d,
  title={3D from looking: using wearable gaze tracking for hands-free and feedback-free object modelling},
  author={Leelasawassuk, Teesid and Mayol-Cuevas, Walterio W},
  booktitle={Proceedings of the 17th annual international symposium on International symposium on wearable computers},
  pages={105--112},
  year={2013},
  organization={ACM}
}

@inproceedings{Kundu10Realtime,
  title={Realtime motion segmentation based multibody visual SLAM},
  author={Kundu, Abhijit and Krishna, K Madhava and Jawahar, CV},
  booktitle={Proceedings of the Seventh Indian Conference on Computer Vision, Graphics and Image Processing},
  pages={251--258},
  year={2010},
  organization={ACM}
}

@inproceedings{Jeong06Visual,
  title={Visual SLAM with line and corner features},
  author={Jeong, Woo Yeon and Lee, Kyoung Mu},
  booktitle={Intelligent Robots and Systems, 2006 IEEE/RSJ International Conference on},
  pages={2570--2575},
  year={2006},
  organization={IEEE}
}

@article{Hartley94Projective,
  title={Projective reconstruction and invariants from multiple images},
  author={Hartley, Richard I},
  journal={Pattern Analysis and Machine Intelligence, IEEE Transactions on},
  volume={16},
  number={10},
  pages={1036--1041},
  year={1994},
  publisher={IEEE}
}
	
@inproceedings{Gutierrez13Scaled,
  title={Scaled monocular SLAM for walking people},
  author={Guti{\'e}rrez-G{\'o}mez, Daniel and Guerrero, Jos{\'e} Jes{\'u}s},
  booktitle={Proceedings of the 17th annual international symposium on International symposium on wearable computers},
  pages={9--12},
  year={2013},
  organization={ACM}
}

@inproceedings{Gong10Learning,
  title={Learning human pose in crowd},
  author={Gong, Shaogang and Xiang, Tao and Hongeng, Somboon},
  booktitle={Proceedings of the 1st ACM international workshop on Multimodal pervasive video analysis},
  pages={47--52},
  year={2010},
  organization={ACM}
}

@article{Faugeras88Motion,
  title={Motion and structure from motion in a piecewise planar environment},
  author={Faugeras, Olivier D and Lustman, Francis},
  journal={International Journal of Pattern Recognition and Artificial Intelligence},
  volume={2},
  number={03},
  pages={485--508},
  year={1988},
  publisher={World Scientific}
}

@inproceedings{Engelhard11Real,
  title={Real-time 3D visual SLAM with a hand-held RGB-D camera},
  author={Engelhard, Nikolas and Endres, Felix and Hess, J{\"u}rgen and Sturm, J{\"u}rgen and Burgard, Wolfram},
  booktitle={Proc. of the RGB-D Workshop on 3D Perception in Robotics at the European Robotics Forum, Vasteras, Sweden},
  volume={180},
  year={2011}
}

@inproceedings{Cirujeda12Augmented,
  title={Augmented poselets for human body pose inference by a probabilistic graphical model},
  author={Cirujeda, Pol and Binefa, Xavier},
  booktitle={Proceedings of the 2nd ACM international workshop on Interactive multimedia on mobile and portable devices},
  pages={17--22},
  year={2012},
  organization={ACM}
}

@article{Bay08Speeded,
  title={Speeded-up robust features (SURF)},
  author={Bay, Herbert and Ess, Andreas and Tuytelaars, Tinne and Van Gool, Luc},
  journal={Computer vision and image understanding},
  volume={110},
  number={3},
  pages={346--359},
  year={2008},
  publisher={Elsevier}
}

@incollection{Bay06Surf,
  title={Surf: Speeded up robust features},
  author={Bay, Herbert and Tuytelaars, Tinne and Van Gool, Luc},
  booktitle={Computer Vision--ECCV 2006},
  pages={404--417},
  year={2006},
  publisher={Springer}
}

@article{Yoon06Adaptive,
  title={Adaptive support-weight approach for correspondence search},
  author={Yoon, Kuk-Jin and Kweon, In So},
  journal={IEEE Transactions on Pattern Analysis and Machine Intelligence},
  volume={28},
  number={4},
  pages={650--656},
  year={2006}
}

@article{Pollefeys04Visual,
  title={Visual modeling with a hand-held camera},
  author={Pollefeys, Marc and Van Gool, Luc and Vergauwen, Maarten and Verbiest, Frank and Cornelis, Kurt and Tops, Jan and Koch, Reinhard},
  journal={International Journal of Computer Vision},
  volume={59},
  number={3},
  pages={207--232},
  year={2004},
  publisher={Springer}
}

@inproceedings{Wong01Structure,
  title={Structure and motion from silhouettes},
  author={Wong, K-YK and Cipolla, Roberto},
  booktitle={Computer Vision, 2001. ICCV 2001. Proceedings. Eighth IEEE International Conference on},
  volume={2},
  pages={217--222},
  year={2001},
  organization={IEEE}
}

@inproceedings{Comport07Accurate,
  title={Accurate quadrifocal tracking for robust 3d visual odometry},
  author={Comport, Andrew I and Malis, Ezio and Rives, Patrick},
  booktitle={Robotics and Automation, 2007 IEEE International Conference on},
  pages={40--45},
  year={2007},
  organization={IEEE}
}

@inproceedings{Murarka09Stereo,
  title={A stereo vision based mapping algorithm for detecting inclines, drop-offs, and obstacles for safe local navigation},
  author={Murarka, Aniket and Kuipers, Benjamin},
  booktitle={Intelligent Robots and Systems, 2009. IROS 2009. IEEE/RSJ International Conference on},
  pages={1646--1653},
  year={2009},
  organization={IEEE}
}

@inproceedings{Heider11Local,
  title={Local shape descriptors, a survey and evaluation},
  author={Heider, Paul and Pierre-Pierre, Alain and Li, Ruosi and Grimm, Cindy},
  booktitle={Proceedings of the 4th Eurographics conference on 3D Object Retrieval},
  pages={49--56},
  year={2011},
  organization={Eurographics Association}
}

@inproceedings{Mei08Affine,
  title={Affine invariant shape descriptors: the ICA-Fourier descriptor and the PCA-Fourier descriptor},
  author={Mei, Ye and Androutsos, Dimitrios},
  booktitle={Pattern Recognition, 2008. ICPR 2008. 19th International Conference on},
  pages={1--4},
  year={2008},
  organization={IEEE}
}


@inproceedings{Yang08Near,
  title={Near Real-time Stereo for Weakly-Textured Scenes.},
  author={Yang, Qingxiong and Engels, Chris and Akbarzadeh, Amir},
  booktitle={BMVC},
  pages={1--10},
  year={2008}
}

@article{Hirschmuller09Evaluation,
  title={Evaluation of stereo matching costs on images with radiometric differences},
  author={Hirschmuller, Heiko and Scharstein, Daniel},
  journal={Pattern Analysis and Machine Intelligence, IEEE Transactions on},
  volume={31},
  number={9},
  pages={1582--1599},
  year={2009},
  publisher={IEEE}
}

@article{Mcivor00Background,
  title={Background subtraction techniques},
  author={McIvor, Alan M},
  journal={Proc. of Image and Vision Computing},
  volume={1},
  number={3},
  pages={155--163},
  year={2000},
  publisher={Auckland, New Zealand}
}

@article{Yang08Survey,
  title={A survey of shape feature extraction techniques},
  author={Yang, Mingqiang and Kpalma, Kidiyo and Ronsin, Joseph and others},
  journal={Pattern recognition},
  pages={43--90},
  year={2008}
}

@article{Gil10Comparative,
  title={A comparative evaluation of interest point detectors and local descriptors for visual SLAM},
  author={Gil, Arturo and Mozos, Oscar Martinez and Ballesta, Monica and Reinoso, Oscar},
  journal={Machine Vision and Applications},
  volume={21},
  number={6},
  pages={905--920},
  year={2010},
  publisher={Springer}
}

@article{Haming10Structure,
  title={The structure-from-motion reconstruction pipeline--a survey with focus on short image sequences},
  author={H{\"a}ming, Klaus and Peters, Gabriele},
  journal={Kybernetika},
  volume={46},
  number={5},
  pages={926--937},
  year={2010},
  publisher={Institute of Information Theory and Automation AS CR}
}

@article{Wei13Applications,
  title={Applications of structure from motion: a survey},
  author={Wei, Ying-mei and Kang, Lai and Yang, Bing and others},
  journal={Journal of Zhejiang University SCIENCE C},
  volume={14},
  number={7},
  pages={486--494},
  year={2013},
  publisher={Springer}
}

@phdthesis{Olofsson10Modern,
  title={Modern stereo correspondence algorithms: investigation and evaluation},
  author={Olofsson, Anders},
  year={2010},
  school={Master Thesis, Department of electrical engineering, Link{\"o}pings Universitet}
}

@article{Tuytelaars08Local,
  title={Local invariant feature detectors: a survey},
  author={Tuytelaars, Tinne and Mikolajczyk, Krystian},
  journal={Foundations and Trends{\textregistered} in Computer Graphics and Vision},
  volume={3},
  number={3},
  pages={177--280},
  year={2008},
  publisher={Now Publishers Inc.}
}

@article{Fuentes12Visual,
  title={Visual simultaneous localization and mapping: a survey},
  author={Fuentes-Pacheco, Jorge and Ruiz-Ascencio, Jos{\'e} and Rend{\'o}n-Mancha, Juan Manuel},
  journal={Artificial Intelligence Review},
  pages={1--27},
  year={2012},
  publisher={Springer}
}

@article{Thrun02Robotic,
  title={Robotic mapping: A survey},
  author={Thrun, Sebastian and others},
  journal={Exploring artificial intelligence in the new millennium},
  pages={1--35},
  year={2002},
  publisher={Morgan Kaufmann San Mateo, CA}
}

@article{Bonin08Visual,
  title={Visual navigation for mobile robots: A survey},
  author={Bonin-Font, Francisco and Ortiz, Alberto and Oliver, Gabriel},
  journal={Journal of intelligent and robotic systems},
  volume={53},
  number={3},
  pages={263--296},
  year={2008},
  publisher={Kluwer Academic Publishers}
}

@inproceedings{Aulinas08Slam,
 author = {Aulinas, Josep and Petillot, Yvan and Salvi, Joaquim and Llad\'{o}, Xavier},
 title = {The SLAM Problem: A Survey},
 booktitle = {Proceedings of the 2008 Conference on Artificial Intelligence Research and Development: Proceedings of the 11th International Conference of the Catalan Association for Artificial Intelligence},
 year = {2008},
 isbn = {978-1-58603-925-7},
 pages = {363--371},
 numpages = {9},
 url = {http://dl.acm.org/citation.cfm?id=1566899.1566949},
 acmid = {1566949},
 publisher = {IOS Press},
 address = {Amsterdam, The Netherlands, The Netherlands},
 keywords = {Expectation Maximization, Kalman Filter, Particle Filter, Slam}
} 





@article{Michel11Scale,
title = "Scale Invariant and Deformation Tolerant Partial Shape Matching ",
journal = "Image and Vision Computing ",
volume = "29",
number = "7",
pages = "459 - 469",
year = "2011",
note = "",
issn = "0262-8856",
doi = "http://dx.doi.org/10.1016/j.imavis.2011.01.008",
url = "http://www.sciencedirect.com/science/article/pii/S0262885611000151",
author = "Damien Michel and Iasonas Oikonomidis and Antonis Argyros",
keywords = "Partial shape matching",
keywords = "2D shape descriptors",
keywords = "Dynamic programming"
}

